Bank Account,Date,Narrative,Debit Amount,Credit Amount,Balance,Categories,Serial
099999123452,04/07/2026,WITHDRAWAL-OSKO PAYMENT Bank BANKFEE-202606,35.00,,326466.83,PAYMENT,BTP-000048
099999123452,26/06/2026,SUPER CLEARING HOUSE Riley Retail Casual PAY-20260626-EMP-RILEY-RETAIL-CASUAL,99.57,,329903.62,SUPER,SUPER-PAY-20260626-EMP-RILEY-RETAIL-CASUAL
099999123452,26/06/2026,SUPER CLEARING HOUSE Priya Retail Supervisor PAY-20260626-EMP-PRIYA-RETAIL-SUP,128.23,,329775.39,SUPER,SUPER-PAY-20260626-EMP-PRIYA-RETAIL-SUP
099999123452,26/06/2026,SUPER CLEARING HOUSE Marco Hospitality Casual PAY-20260626-EMP-MARCO-HOSP-CASUAL,85.31,,329690.08,SUPER,SUPER-PAY-20260626-EMP-MARCO-HOSP-CASUAL
099999123452,26/06/2026,SUPER CLEARING HOUSE Hana Cafe Part-time PAY-20260626-EMP-HANA-CAFE-PARTTIME,62.04,,329628.04,SUPER,SUPER-PAY-20260626-EMP-HANA-CAFE-PARTTIME
099999123452,26/06/2026,PAYROLL NET WAGE Riley Retail Casual PAY-20260626-EMP-RILEY-RETAIL-CASUAL,737.75,,328890.29,PAYROLL,PAYNET-PAY-20260626-EMP-RILEY-RETAIL-CASUAL
099999123452,26/06/2026,PAYROLL NET WAGE Priya Retail Supervisor PAY-20260626-EMP-PRIYA-RETAIL-SUP,883.70,,328006.59,PAYROLL,PAYNET-PAY-20260626-EMP-PRIYA-RETAIL-SUP
099999123452,26/06/2026,PAYROLL NET WAGE Marco Hospitality Casual PAY-20260626-EMP-MARCO-HOSP-CASUAL,640.90,,327365.69,PAYROLL,PAYNET-PAY-20260626-EMP-MARCO-HOSP-CASUAL
099999123452,26/06/2026,PAYROLL NET WAGE Hana Cafe Part-time PAY-20260626-EMP-HANA-CAFE-PARTTIME,491.00,,326874.69,PAYROLL,PAYNET-PAY-20260626-EMP-HANA-CAFE-PARTTIME
099999123452,26/06/2026,PAYG WITHHOLDING REMITTANCE ATO Riley Retail Casual PAY-20260626-EMP-RILEY-RETAIL-CASUAL,92.00,,326782.69,PAYROLL_TAX,PAYG-PAY-20260626-EMP-RILEY-RETAIL-CASUAL
099999123452,26/06/2026,PAYG WITHHOLDING REMITTANCE ATO Priya Retail Supervisor PAY-20260626-EMP-PRIYA-RETAIL-SUP,184.86,,326597.83,PAYROLL_TAX,PAYG-PAY-20260626-EMP-PRIYA-RETAIL-SUP
099999123452,26/06/2026,PAYG WITHHOLDING REMITTANCE ATO Marco Hospitality Casual PAY-20260626-EMP-MARCO-HOSP-CASUAL,70.00,,326527.83,PAYROLL_TAX,PAYG-PAY-20260626-EMP-MARCO-HOSP-CASUAL
099999123452,26/06/2026,PAYG WITHHOLDING REMITTANCE ATO Hana Cafe Part-time PAY-20260626-EMP-HANA-CAFE-PARTTIME,26.00,,326501.83,PAYROLL_TAX,PAYG-PAY-20260626-EMP-HANA-CAFE-PARTTIME
099999123452,25/06/2026,WITHDRAWAL-OSKO PAYMENT Peak Local Marketing Pty Ltd CONTRACT-202606,1980.00,,330003.19,PAYMENT,BTP-000047
099999123452,22/06/2026,WITHDRAWAL-OSKO PAYMENT Cloud Software Vendors SOFT-202606,1045.00,,331983.19,PAYMENT,BTP-000046
099999123452,19/06/2026,SUPER CLEARING HOUSE Riley Retail Casual PAY-20260619-EMP-RILEY-RETAIL-CASUAL,99.57,,335923.27,SUPER,SUPER-PAY-20260619-EMP-RILEY-RETAIL-CASUAL
099999123452,19/06/2026,SUPER CLEARING HOUSE Priya Retail Supervisor PAY-20260619-EMP-PRIYA-RETAIL-SUP,128.23,,335795.04,SUPER,SUPER-PAY-20260619-EMP-PRIYA-RETAIL-SUP
099999123452,19/06/2026,SUPER CLEARING HOUSE Marco Hospitality Casual PAY-20260619-EMP-MARCO-HOSP-CASUAL,31.02,,335764.02,SUPER,SUPER-PAY-20260619-EMP-MARCO-HOSP-CASUAL
099999123452,19/06/2026,SUPER CLEARING HOUSE Hana Cafe Part-time PAY-20260619-EMP-HANA-CAFE-PARTTIME,62.04,,335701.98,SUPER,SUPER-PAY-20260619-EMP-HANA-CAFE-PARTTIME
099999123452,19/06/2026,PAYROLL NET WAGE Riley Retail Casual PAY-20260619-EMP-RILEY-RETAIL-CASUAL,737.75,,334964.23,PAYROLL,PAYNET-PAY-20260619-EMP-RILEY-RETAIL-CASUAL
099999123452,19/06/2026,PAYROLL NET WAGE Priya Retail Supervisor PAY-20260619-EMP-PRIYA-RETAIL-SUP,883.70,,334080.53,PAYROLL,PAYNET-PAY-20260619-EMP-PRIYA-RETAIL-SUP
099999123452,19/06/2026,PAYROLL NET WAGE Marco Hospitality Casual PAY-20260619-EMP-MARCO-HOSP-CASUAL,258.48,,333822.05,PAYROLL,PAYNET-PAY-20260619-EMP-MARCO-HOSP-CASUAL
099999123452,19/06/2026,PAYROLL NET WAGE Hana Cafe Part-time PAY-20260619-EMP-HANA-CAFE-PARTTIME,491.00,,333331.05,PAYROLL,PAYNET-PAY-20260619-EMP-HANA-CAFE-PARTTIME
099999123452,19/06/2026,PAYG WITHHOLDING REMITTANCE ATO Riley Retail Casual PAY-20260619-EMP-RILEY-RETAIL-CASUAL,92.00,,333239.05,PAYROLL_TAX,PAYG-PAY-20260619-EMP-RILEY-RETAIL-CASUAL
099999123452,19/06/2026,PAYG WITHHOLDING REMITTANCE ATO Priya Retail Supervisor PAY-20260619-EMP-PRIYA-RETAIL-SUP,184.86,,333054.19,PAYROLL_TAX,PAYG-PAY-20260619-EMP-PRIYA-RETAIL-SUP
099999123452,19/06/2026,PAYG WITHHOLDING REMITTANCE ATO Hana Cafe Part-time PAY-20260619-EMP-HANA-CAFE-PARTTIME,26.00,,333028.19,PAYROLL_TAX,PAYG-PAY-20260619-EMP-HANA-CAFE-PARTTIME
099999123452,18/06/2026,DEPOSIT OSKO PAYMENT Retail Client A INV-012,,49500.00,336022.84,DEP,BTR-000012
099999123452,16/06/2026,WITHDRAWAL-OSKO PAYMENT Harbour Property Trust RENT-202606,8580.00,,286522.84,PAYMENT,BTP-000045
099999123452,12/06/2026,SUPER CLEARING HOUSE Riley Retail Casual PAY-20260612-EMP-RILEY-RETAIL-CASUAL,99.57,,297997.92,SUPER,SUPER-PAY-20260612-EMP-RILEY-RETAIL-CASUAL
099999123452,12/06/2026,SUPER CLEARING HOUSE Priya Retail Supervisor PAY-20260612-EMP-PRIYA-RETAIL-SUP,128.23,,297869.69,SUPER,SUPER-PAY-20260612-EMP-PRIYA-RETAIL-SUP
099999123452,12/06/2026,SUPER CLEARING HOUSE Marco Hospitality Casual PAY-20260612-EMP-MARCO-HOSP-CASUAL,31.02,,297838.67,SUPER,SUPER-PAY-20260612-EMP-MARCO-HOSP-CASUAL
099999123452,12/06/2026,SUPER CLEARING HOUSE Hana Cafe Part-time PAY-20260612-EMP-HANA-CAFE-PARTTIME,62.04,,297776.63,SUPER,SUPER-PAY-20260612-EMP-HANA-CAFE-PARTTIME
099999123452,12/06/2026,PAYROLL NET WAGE Riley Retail Casual PAY-20260612-EMP-RILEY-RETAIL-CASUAL,737.75,,297038.88,PAYROLL,PAYNET-PAY-20260612-EMP-RILEY-RETAIL-CASUAL
099999123452,12/06/2026,PAYROLL NET WAGE Priya Retail Supervisor PAY-20260612-EMP-PRIYA-RETAIL-SUP,883.70,,296155.18,PAYROLL,PAYNET-PAY-20260612-EMP-PRIYA-RETAIL-SUP
099999123452,12/06/2026,PAYROLL NET WAGE Marco Hospitality Casual PAY-20260612-EMP-MARCO-HOSP-CASUAL,258.48,,295896.70,PAYROLL,PAYNET-PAY-20260612-EMP-MARCO-HOSP-CASUAL
099999123452,12/06/2026,PAYROLL NET WAGE Hana Cafe Part-time PAY-20260612-EMP-HANA-CAFE-PARTTIME,491.00,,295405.70,PAYROLL,PAYNET-PAY-20260612-EMP-HANA-CAFE-PARTTIME
099999123452,12/06/2026,PAYG WITHHOLDING REMITTANCE ATO Riley Retail Casual PAY-20260612-EMP-RILEY-RETAIL-CASUAL,92.00,,295313.70,PAYROLL_TAX,PAYG-PAY-20260612-EMP-RILEY-RETAIL-CASUAL
099999123452,12/06/2026,PAYG WITHHOLDING REMITTANCE ATO Priya Retail Supervisor PAY-20260612-EMP-PRIYA-RETAIL-SUP,184.86,,295128.84,PAYROLL_TAX,PAYG-PAY-20260612-EMP-PRIYA-RETAIL-SUP
099999123452,12/06/2026,PAYG WITHHOLDING REMITTANCE ATO Hana Cafe Part-time PAY-20260612-EMP-HANA-CAFE-PARTTIME,26.00,,295102.84,PAYROLL_TAX,PAYG-PAY-20260612-EMP-HANA-CAFE-PARTTIME
099999123452,05/06/2026,SUPER CLEARING HOUSE Riley Retail Casual PAY-20260605-EMP-RILEY-RETAIL-CASUAL,99.57,,300992.57,SUPER,SUPER-PAY-20260605-EMP-RILEY-RETAIL-CASUAL
099999123452,05/06/2026,SUPER CLEARING HOUSE Priya Retail Supervisor PAY-20260605-EMP-PRIYA-RETAIL-SUP,128.23,,300864.34,SUPER,SUPER-PAY-20260605-EMP-PRIYA-RETAIL-SUP
099999123452,05/06/2026,SUPER CLEARING HOUSE Marco Hospitality Casual PAY-20260605-EMP-MARCO-HOSP-CASUAL,31.02,,300833.32,SUPER,SUPER-PAY-20260605-EMP-MARCO-HOSP-CASUAL
099999123452,05/06/2026,SUPER CLEARING HOUSE Hana Cafe Part-time PAY-20260605-EMP-HANA-CAFE-PARTTIME,62.04,,300771.28,SUPER,SUPER-PAY-20260605-EMP-HANA-CAFE-PARTTIME
099999123452,05/06/2026,PAYROLL NET WAGE Riley Retail Casual PAY-20260605-EMP-RILEY-RETAIL-CASUAL,737.75,,300033.53,PAYROLL,PAYNET-PAY-20260605-EMP-RILEY-RETAIL-CASUAL
099999123452,05/06/2026,PAYROLL NET WAGE Priya Retail Supervisor PAY-20260605-EMP-PRIYA-RETAIL-SUP,883.70,,299149.83,PAYROLL,PAYNET-PAY-20260605-EMP-PRIYA-RETAIL-SUP
099999123452,05/06/2026,PAYROLL NET WAGE Marco Hospitality Casual PAY-20260605-EMP-MARCO-HOSP-CASUAL,258.48,,298891.35,PAYROLL,PAYNET-PAY-20260605-EMP-MARCO-HOSP-CASUAL
099999123452,05/06/2026,PAYROLL NET WAGE Hana Cafe Part-time PAY-20260605-EMP-HANA-CAFE-PARTTIME,491.00,,298400.35,PAYROLL,PAYNET-PAY-20260605-EMP-HANA-CAFE-PARTTIME
099999123452,05/06/2026,PAYG WITHHOLDING REMITTANCE ATO Riley Retail Casual PAY-20260605-EMP-RILEY-RETAIL-CASUAL,92.00,,298308.35,PAYROLL_TAX,PAYG-PAY-20260605-EMP-RILEY-RETAIL-CASUAL
099999123452,05/06/2026,PAYG WITHHOLDING REMITTANCE ATO Priya Retail Supervisor PAY-20260605-EMP-PRIYA-RETAIL-SUP,184.86,,298123.49,PAYROLL_TAX,PAYG-PAY-20260605-EMP-PRIYA-RETAIL-SUP
099999123452,05/06/2026,PAYG WITHHOLDING REMITTANCE ATO Hana Cafe Part-time PAY-20260605-EMP-HANA-CAFE-PARTTIME,26.00,,298097.49,PAYROLL_TAX,PAYG-PAY-20260605-EMP-HANA-CAFE-PARTTIME
099999123452,03/06/2026,WITHDRAWAL-OSKO PAYMENT Bank BANKFEE-202605,35.00,,301092.14,PAYMENT,BTP-000044
099999123452,29/05/2026,SUPER CLEARING HOUSE Riley Retail Casual PAY-20260529-EMP-RILEY-RETAIL-CASUAL,99.57,,304239.39,SUPER,SUPER-PAY-20260529-EMP-RILEY-RETAIL-CASUAL
099999123452,29/05/2026,SUPER CLEARING HOUSE Priya Retail Supervisor PAY-20260529-EMP-PRIYA-RETAIL-SUP,128.23,,304111.16,SUPER,SUPER-PAY-20260529-EMP-PRIYA-RETAIL-SUP
099999123452,29/05/2026,SUPER CLEARING HOUSE Marco Hospitality Casual PAY-20260529-EMP-MARCO-HOSP-CASUAL,54.29,,304056.87,SUPER,SUPER-PAY-20260529-EMP-MARCO-HOSP-CASUAL
099999123452,29/05/2026,SUPER CLEARING HOUSE Hana Cafe Part-time PAY-20260529-EMP-HANA-CAFE-PARTTIME,62.04,,303994.83,SUPER,SUPER-PAY-20260529-EMP-HANA-CAFE-PARTTIME
099999123452,29/05/2026,PAYROLL NET WAGE Riley Retail Casual PAY-20260529-EMP-RILEY-RETAIL-CASUAL,737.75,,303257.08,PAYROLL,PAYNET-PAY-20260529-EMP-RILEY-RETAIL-CASUAL
099999123452,29/05/2026,PAYROLL NET WAGE Priya Retail Supervisor PAY-20260529-EMP-PRIYA-RETAIL-SUP,883.70,,302373.38,PAYROLL,PAYNET-PAY-20260529-EMP-PRIYA-RETAIL-SUP
099999123452,29/05/2026,PAYROLL NET WAGE Marco Hospitality Casual PAY-20260529-EMP-MARCO-HOSP-CASUAL,438.38,,301935.00,PAYROLL,PAYNET-PAY-20260529-EMP-MARCO-HOSP-CASUAL
099999123452,29/05/2026,PAYROLL NET WAGE Hana Cafe Part-time PAY-20260529-EMP-HANA-CAFE-PARTTIME,491.00,,301444.00,PAYROLL,PAYNET-PAY-20260529-EMP-HANA-CAFE-PARTTIME
099999123452,29/05/2026,PAYG WITHHOLDING REMITTANCE ATO Riley Retail Casual PAY-20260529-EMP-RILEY-RETAIL-CASUAL,92.00,,301352.00,PAYROLL_TAX,PAYG-PAY-20260529-EMP-RILEY-RETAIL-CASUAL
099999123452,29/05/2026,PAYG WITHHOLDING REMITTANCE ATO Priya Retail Supervisor PAY-20260529-EMP-PRIYA-RETAIL-SUP,184.86,,301167.14,PAYROLL_TAX,PAYG-PAY-20260529-EMP-PRIYA-RETAIL-SUP
099999123452,29/05/2026,PAYG WITHHOLDING REMITTANCE ATO Marco Hospitality Casual PAY-20260529-EMP-MARCO-HOSP-CASUAL,14.00,,301153.14,PAYROLL_TAX,PAYG-PAY-20260529-EMP-MARCO-HOSP-CASUAL
099999123452,29/05/2026,PAYG WITHHOLDING REMITTANCE ATO Hana Cafe Part-time PAY-20260529-EMP-HANA-CAFE-PARTTIME,26.00,,301127.14,PAYROLL_TAX,PAYG-PAY-20260529-EMP-HANA-CAFE-PARTTIME
099999123452,25/05/2026,WITHDRAWAL-OSKO PAYMENT Peak Local Marketing Pty Ltd CONTRACT-202605,1980.00,,304338.96,PAYMENT,BTP-000043
099999123452,22/05/2026,SUPER CLEARING HOUSE Riley Retail Casual PAY-20260522-EMP-RILEY-RETAIL-CASUAL,99.57,,310259.04,SUPER,SUPER-PAY-20260522-EMP-RILEY-RETAIL-CASUAL
099999123452,22/05/2026,SUPER CLEARING HOUSE Priya Retail Supervisor PAY-20260522-EMP-PRIYA-RETAIL-SUP,128.23,,310130.81,SUPER,SUPER-PAY-20260522-EMP-PRIYA-RETAIL-SUP
099999123452,22/05/2026,SUPER CLEARING HOUSE Marco Hospitality Casual PAY-20260522-EMP-MARCO-HOSP-CASUAL,31.02,,310099.79,SUPER,SUPER-PAY-20260522-EMP-MARCO-HOSP-CASUAL
099999123452,22/05/2026,SUPER CLEARING HOUSE Hana Cafe Part-time PAY-20260522-EMP-HANA-CAFE-PARTTIME,62.04,,310037.75,SUPER,SUPER-PAY-20260522-EMP-HANA-CAFE-PARTTIME
099999123452,22/05/2026,PAYROLL NET WAGE Riley Retail Casual PAY-20260522-EMP-RILEY-RETAIL-CASUAL,737.75,,309300.00,PAYROLL,PAYNET-PAY-20260522-EMP-RILEY-RETAIL-CASUAL
099999123452,22/05/2026,PAYROLL NET WAGE Priya Retail Supervisor PAY-20260522-EMP-PRIYA-RETAIL-SUP,883.70,,308416.30,PAYROLL,PAYNET-PAY-20260522-EMP-PRIYA-RETAIL-SUP
099999123452,22/05/2026,PAYROLL NET WAGE Marco Hospitality Casual PAY-20260522-EMP-MARCO-HOSP-CASUAL,258.48,,308157.82,PAYROLL,PAYNET-PAY-20260522-EMP-MARCO-HOSP-CASUAL
099999123452,22/05/2026,PAYROLL NET WAGE Hana Cafe Part-time PAY-20260522-EMP-HANA-CAFE-PARTTIME,491.00,,307666.82,PAYROLL,PAYNET-PAY-20260522-EMP-HANA-CAFE-PARTTIME
099999123452,22/05/2026,PAYG WITHHOLDING REMITTANCE ATO Riley Retail Casual PAY-20260522-EMP-RILEY-RETAIL-CASUAL,92.00,,307574.82,PAYROLL_TAX,PAYG-PAY-20260522-EMP-RILEY-RETAIL-CASUAL
099999123452,22/05/2026,PAYG WITHHOLDING REMITTANCE ATO Priya Retail Supervisor PAY-20260522-EMP-PRIYA-RETAIL-SUP,184.86,,307389.96,PAYROLL_TAX,PAYG-PAY-20260522-EMP-PRIYA-RETAIL-SUP
099999123452,22/05/2026,PAYG WITHHOLDING REMITTANCE ATO Hana Cafe Part-time PAY-20260522-EMP-HANA-CAFE-PARTTIME,26.00,,307363.96,PAYROLL_TAX,PAYG-PAY-20260522-EMP-HANA-CAFE-PARTTIME
099999123452,22/05/2026,WITHDRAWAL-OSKO PAYMENT Cloud Software Vendors SOFT-202605,1045.00,,306318.96,PAYMENT,BTP-000042
099999123452,18/05/2026,DEPOSIT OSKO PAYMENT Retail Client C INV-011,,49225.00,310358.61,DEP,BTR-000011
099999123452,16/05/2026,WITHDRAWAL-OSKO PAYMENT Harbour Property Trust RENT-202605,8580.00,,261133.61,PAYMENT,BTP-000041
099999123452,15/05/2026,SUPER CLEARING HOUSE Riley Retail Casual PAY-20260515-EMP-RILEY-RETAIL-CASUAL,99.57,,272608.69,SUPER,SUPER-PAY-20260515-EMP-RILEY-RETAIL-CASUAL
099999123452,15/05/2026,SUPER CLEARING HOUSE Priya Retail Supervisor PAY-20260515-EMP-PRIYA-RETAIL-SUP,128.23,,272480.46,SUPER,SUPER-PAY-20260515-EMP-PRIYA-RETAIL-SUP
099999123452,15/05/2026,SUPER CLEARING HOUSE Marco Hospitality Casual PAY-20260515-EMP-MARCO-HOSP-CASUAL,31.02,,272449.44,SUPER,SUPER-PAY-20260515-EMP-MARCO-HOSP-CASUAL
099999123452,15/05/2026,SUPER CLEARING HOUSE Hana Cafe Part-time PAY-20260515-EMP-HANA-CAFE-PARTTIME,62.04,,272387.40,SUPER,SUPER-PAY-20260515-EMP-HANA-CAFE-PARTTIME
099999123452,15/05/2026,PAYROLL NET WAGE Riley Retail Casual PAY-20260515-EMP-RILEY-RETAIL-CASUAL,737.75,,271649.65,PAYROLL,PAYNET-PAY-20260515-EMP-RILEY-RETAIL-CASUAL
099999123452,15/05/2026,PAYROLL NET WAGE Priya Retail Supervisor PAY-20260515-EMP-PRIYA-RETAIL-SUP,883.70,,270765.95,PAYROLL,PAYNET-PAY-20260515-EMP-PRIYA-RETAIL-SUP
099999123452,15/05/2026,PAYROLL NET WAGE Marco Hospitality Casual PAY-20260515-EMP-MARCO-HOSP-CASUAL,258.48,,270507.47,PAYROLL,PAYNET-PAY-20260515-EMP-MARCO-HOSP-CASUAL
099999123452,15/05/2026,PAYROLL NET WAGE Hana Cafe Part-time PAY-20260515-EMP-HANA-CAFE-PARTTIME,491.00,,270016.47,PAYROLL,PAYNET-PAY-20260515-EMP-HANA-CAFE-PARTTIME
099999123452,15/05/2026,PAYG WITHHOLDING REMITTANCE ATO Riley Retail Casual PAY-20260515-EMP-RILEY-RETAIL-CASUAL,92.00,,269924.47,PAYROLL_TAX,PAYG-PAY-20260515-EMP-RILEY-RETAIL-CASUAL
099999123452,15/05/2026,PAYG WITHHOLDING REMITTANCE ATO Priya Retail Supervisor PAY-20260515-EMP-PRIYA-RETAIL-SUP,184.86,,269739.61,PAYROLL_TAX,PAYG-PAY-20260515-EMP-PRIYA-RETAIL-SUP
099999123452,15/05/2026,PAYG WITHHOLDING REMITTANCE ATO Hana Cafe Part-time PAY-20260515-EMP-HANA-CAFE-PARTTIME,26.00,,269713.61,PAYROLL_TAX,PAYG-PAY-20260515-EMP-HANA-CAFE-PARTTIME
099999123452,08/05/2026,SUPER CLEARING HOUSE Riley Retail Casual PAY-20260508-EMP-RILEY-RETAIL-CASUAL,99.57,,275603.34,SUPER,SUPER-PAY-20260508-EMP-RILEY-RETAIL-CASUAL
099999123452,08/05/2026,SUPER CLEARING HOUSE Priya Retail Supervisor PAY-20260508-EMP-PRIYA-RETAIL-SUP,128.23,,275475.11,SUPER,SUPER-PAY-20260508-EMP-PRIYA-RETAIL-SUP
099999123452,08/05/2026,SUPER CLEARING HOUSE Marco Hospitality Casual PAY-20260508-EMP-MARCO-HOSP-CASUAL,31.02,,275444.09,SUPER,SUPER-PAY-20260508-EMP-MARCO-HOSP-CASUAL
099999123452,08/05/2026,SUPER CLEARING HOUSE Hana Cafe Part-time PAY-20260508-EMP-HANA-CAFE-PARTTIME,62.04,,275382.05,SUPER,SUPER-PAY-20260508-EMP-HANA-CAFE-PARTTIME
099999123452,08/05/2026,PAYROLL NET WAGE Riley Retail Casual PAY-20260508-EMP-RILEY-RETAIL-CASUAL,737.75,,274644.30,PAYROLL,PAYNET-PAY-20260508-EMP-RILEY-RETAIL-CASUAL
099999123452,08/05/2026,PAYROLL NET WAGE Priya Retail Supervisor PAY-20260508-EMP-PRIYA-RETAIL-SUP,883.70,,273760.60,PAYROLL,PAYNET-PAY-20260508-EMP-PRIYA-RETAIL-SUP
099999123452,08/05/2026,PAYROLL NET WAGE Marco Hospitality Casual PAY-20260508-EMP-MARCO-HOSP-CASUAL,258.48,,273502.12,PAYROLL,PAYNET-PAY-20260508-EMP-MARCO-HOSP-CASUAL
099999123452,08/05/2026,PAYROLL NET WAGE Hana Cafe Part-time PAY-20260508-EMP-HANA-CAFE-PARTTIME,491.00,,273011.12,PAYROLL,PAYNET-PAY-20260508-EMP-HANA-CAFE-PARTTIME
099999123452,08/05/2026,PAYG WITHHOLDING REMITTANCE ATO Riley Retail Casual PAY-20260508-EMP-RILEY-RETAIL-CASUAL,92.00,,272919.12,PAYROLL_TAX,PAYG-PAY-20260508-EMP-RILEY-RETAIL-CASUAL
099999123452,08/05/2026,PAYG WITHHOLDING REMITTANCE ATO Priya Retail Supervisor PAY-20260508-EMP-PRIYA-RETAIL-SUP,184.86,,272734.26,PAYROLL_TAX,PAYG-PAY-20260508-EMP-PRIYA-RETAIL-SUP
099999123452,08/05/2026,PAYG WITHHOLDING REMITTANCE ATO Hana Cafe Part-time PAY-20260508-EMP-HANA-CAFE-PARTTIME,26.00,,272708.26,PAYROLL_TAX,PAYG-PAY-20260508-EMP-HANA-CAFE-PARTTIME
099999123452,04/05/2026,WITHDRAWAL-OSKO PAYMENT Bank BANKFEE-202604,35.00,,275702.91,PAYMENT,BTP-000040
099999123452,01/05/2026,SUPER CLEARING HOUSE Riley Retail Casual PAY-20260501-EMP-RILEY-RETAIL-CASUAL,99.57,,278850.16,SUPER,SUPER-PAY-20260501-EMP-RILEY-RETAIL-CASUAL
099999123452,01/05/2026,SUPER CLEARING HOUSE Priya Retail Supervisor PAY-20260501-EMP-PRIYA-RETAIL-SUP,128.23,,278721.93,SUPER,SUPER-PAY-20260501-EMP-PRIYA-RETAIL-SUP
099999123452,01/05/2026,SUPER CLEARING HOUSE Marco Hospitality Casual PAY-20260501-EMP-MARCO-HOSP-CASUAL,54.29,,278667.64,SUPER,SUPER-PAY-20260501-EMP-MARCO-HOSP-CASUAL
099999123452,01/05/2026,SUPER CLEARING HOUSE Hana Cafe Part-time PAY-20260501-EMP-HANA-CAFE-PARTTIME,62.04,,278605.60,SUPER,SUPER-PAY-20260501-EMP-HANA-CAFE-PARTTIME
099999123452,01/05/2026,PAYROLL NET WAGE Riley Retail Casual PAY-20260501-EMP-RILEY-RETAIL-CASUAL,737.75,,277867.85,PAYROLL,PAYNET-PAY-20260501-EMP-RILEY-RETAIL-CASUAL
099999123452,01/05/2026,PAYROLL NET WAGE Priya Retail Supervisor PAY-20260501-EMP-PRIYA-RETAIL-SUP,883.70,,276984.15,PAYROLL,PAYNET-PAY-20260501-EMP-PRIYA-RETAIL-SUP
099999123452,01/05/2026,PAYROLL NET WAGE Marco Hospitality Casual PAY-20260501-EMP-MARCO-HOSP-CASUAL,438.38,,276545.77,PAYROLL,PAYNET-PAY-20260501-EMP-MARCO-HOSP-CASUAL
099999123452,01/05/2026,PAYROLL NET WAGE Hana Cafe Part-time PAY-20260501-EMP-HANA-CAFE-PARTTIME,491.00,,276054.77,PAYROLL,PAYNET-PAY-20260501-EMP-HANA-CAFE-PARTTIME
099999123452,01/05/2026,PAYG WITHHOLDING REMITTANCE ATO Riley Retail Casual PAY-20260501-EMP-RILEY-RETAIL-CASUAL,92.00,,275962.77,PAYROLL_TAX,PAYG-PAY-20260501-EMP-RILEY-RETAIL-CASUAL
099999123452,01/05/2026,PAYG WITHHOLDING REMITTANCE ATO Priya Retail Supervisor PAY-20260501-EMP-PRIYA-RETAIL-SUP,184.86,,275777.91,PAYROLL_TAX,PAYG-PAY-20260501-EMP-PRIYA-RETAIL-SUP
099999123452,01/05/2026,PAYG WITHHOLDING REMITTANCE ATO Marco Hospitality Casual PAY-20260501-EMP-MARCO-HOSP-CASUAL,14.00,,275763.91,PAYROLL_TAX,PAYG-PAY-20260501-EMP-MARCO-HOSP-CASUAL
099999123452,01/05/2026,PAYG WITHHOLDING REMITTANCE ATO Hana Cafe Part-time PAY-20260501-EMP-HANA-CAFE-PARTTIME,26.00,,275737.91,PAYROLL_TAX,PAYG-PAY-20260501-EMP-HANA-CAFE-PARTTIME
099999123452,25/04/2026,WITHDRAWAL-OSKO PAYMENT Peak Local Marketing Pty Ltd CONTRACT-202604,1980.00,,278949.73,PAYMENT,BTP-000039
099999123452,24/04/2026,SUPER CLEARING HOUSE Riley Retail Casual PAY-20260424-EMP-RILEY-RETAIL-CASUAL,99.57,,283824.81,SUPER,SUPER-PAY-20260424-EMP-RILEY-RETAIL-CASUAL
099999123452,24/04/2026,SUPER CLEARING HOUSE Priya Retail Supervisor PAY-20260424-EMP-PRIYA-RETAIL-SUP,128.23,,283696.58,SUPER,SUPER-PAY-20260424-EMP-PRIYA-RETAIL-SUP
099999123452,24/04/2026,SUPER CLEARING HOUSE Marco Hospitality Casual PAY-20260424-EMP-MARCO-HOSP-CASUAL,31.02,,283665.56,SUPER,SUPER-PAY-20260424-EMP-MARCO-HOSP-CASUAL
099999123452,24/04/2026,SUPER CLEARING HOUSE Hana Cafe Part-time PAY-20260424-EMP-HANA-CAFE-PARTTIME,62.04,,283603.52,SUPER,SUPER-PAY-20260424-EMP-HANA-CAFE-PARTTIME
099999123452,24/04/2026,PAYROLL NET WAGE Riley Retail Casual PAY-20260424-EMP-RILEY-RETAIL-CASUAL,737.75,,282865.77,PAYROLL,PAYNET-PAY-20260424-EMP-RILEY-RETAIL-CASUAL
099999123452,24/04/2026,PAYROLL NET WAGE Priya Retail Supervisor PAY-20260424-EMP-PRIYA-RETAIL-SUP,883.70,,281982.07,PAYROLL,PAYNET-PAY-20260424-EMP-PRIYA-RETAIL-SUP
099999123452,24/04/2026,PAYROLL NET WAGE Marco Hospitality Casual PAY-20260424-EMP-MARCO-HOSP-CASUAL,258.48,,281723.59,PAYROLL,PAYNET-PAY-20260424-EMP-MARCO-HOSP-CASUAL
099999123452,24/04/2026,PAYROLL NET WAGE Hana Cafe Part-time PAY-20260424-EMP-HANA-CAFE-PARTTIME,491.00,,281232.59,PAYROLL,PAYNET-PAY-20260424-EMP-HANA-CAFE-PARTTIME
099999123452,24/04/2026,PAYG WITHHOLDING REMITTANCE ATO Riley Retail Casual PAY-20260424-EMP-RILEY-RETAIL-CASUAL,92.00,,281140.59,PAYROLL_TAX,PAYG-PAY-20260424-EMP-RILEY-RETAIL-CASUAL
099999123452,24/04/2026,PAYG WITHHOLDING REMITTANCE ATO Priya Retail Supervisor PAY-20260424-EMP-PRIYA-RETAIL-SUP,184.86,,280955.73,PAYROLL_TAX,PAYG-PAY-20260424-EMP-PRIYA-RETAIL-SUP
099999123452,24/04/2026,PAYG WITHHOLDING REMITTANCE ATO Hana Cafe Part-time PAY-20260424-EMP-HANA-CAFE-PARTTIME,26.00,,280929.73,PAYROLL_TAX,PAYG-PAY-20260424-EMP-HANA-CAFE-PARTTIME
099999123452,22/04/2026,WITHDRAWAL-OSKO PAYMENT Cloud Software Vendors SOFT-202604,1045.00,,283924.38,PAYMENT,BTP-000038
099999123452,18/04/2026,DEPOSIT OSKO PAYMENT Retail Client B INV-010,,48950.00,284969.38,DEP,BTR-000010
099999123452,17/04/2026,SUPER CLEARING HOUSE Riley Retail Casual PAY-20260417-EMP-RILEY-RETAIL-CASUAL,99.57,,238914.46,SUPER,SUPER-PAY-20260417-EMP-RILEY-RETAIL-CASUAL
099999123452,17/04/2026,SUPER CLEARING HOUSE Priya Retail Supervisor PAY-20260417-EMP-PRIYA-RETAIL-SUP,128.23,,238786.23,SUPER,SUPER-PAY-20260417-EMP-PRIYA-RETAIL-SUP
099999123452,17/04/2026,SUPER CLEARING HOUSE Marco Hospitality Casual PAY-20260417-EMP-MARCO-HOSP-CASUAL,31.02,,238755.21,SUPER,SUPER-PAY-20260417-EMP-MARCO-HOSP-CASUAL
099999123452,17/04/2026,SUPER CLEARING HOUSE Hana Cafe Part-time PAY-20260417-EMP-HANA-CAFE-PARTTIME,62.04,,238693.17,SUPER,SUPER-PAY-20260417-EMP-HANA-CAFE-PARTTIME
099999123452,17/04/2026,PAYROLL NET WAGE Riley Retail Casual PAY-20260417-EMP-RILEY-RETAIL-CASUAL,737.75,,237955.42,PAYROLL,PAYNET-PAY-20260417-EMP-RILEY-RETAIL-CASUAL
099999123452,17/04/2026,PAYROLL NET WAGE Priya Retail Supervisor PAY-20260417-EMP-PRIYA-RETAIL-SUP,883.70,,237071.72,PAYROLL,PAYNET-PAY-20260417-EMP-PRIYA-RETAIL-SUP
099999123452,17/04/2026,PAYROLL NET WAGE Marco Hospitality Casual PAY-20260417-EMP-MARCO-HOSP-CASUAL,258.48,,236813.24,PAYROLL,PAYNET-PAY-20260417-EMP-MARCO-HOSP-CASUAL
099999123452,17/04/2026,PAYROLL NET WAGE Hana Cafe Part-time PAY-20260417-EMP-HANA-CAFE-PARTTIME,491.00,,236322.24,PAYROLL,PAYNET-PAY-20260417-EMP-HANA-CAFE-PARTTIME
099999123452,17/04/2026,PAYG WITHHOLDING REMITTANCE ATO Riley Retail Casual PAY-20260417-EMP-RILEY-RETAIL-CASUAL,92.00,,236230.24,PAYROLL_TAX,PAYG-PAY-20260417-EMP-RILEY-RETAIL-CASUAL
099999123452,17/04/2026,PAYG WITHHOLDING REMITTANCE ATO Priya Retail Supervisor PAY-20260417-EMP-PRIYA-RETAIL-SUP,184.86,,236045.38,PAYROLL_TAX,PAYG-PAY-20260417-EMP-PRIYA-RETAIL-SUP
099999123452,17/04/2026,PAYG WITHHOLDING REMITTANCE ATO Hana Cafe Part-time PAY-20260417-EMP-HANA-CAFE-PARTTIME,26.00,,236019.38,PAYROLL_TAX,PAYG-PAY-20260417-EMP-HANA-CAFE-PARTTIME
099999123452,16/04/2026,WITHDRAWAL-OSKO PAYMENT Harbour Property Trust RENT-202604,8580.00,,239014.03,PAYMENT,BTP-000037
099999123452,10/04/2026,SUPER CLEARING HOUSE Riley Retail Casual PAY-20260410-EMP-RILEY-RETAIL-CASUAL,99.57,,250489.11,SUPER,SUPER-PAY-20260410-EMP-RILEY-RETAIL-CASUAL
099999123452,10/04/2026,SUPER CLEARING HOUSE Priya Retail Supervisor PAY-20260410-EMP-PRIYA-RETAIL-SUP,128.23,,250360.88,SUPER,SUPER-PAY-20260410-EMP-PRIYA-RETAIL-SUP
099999123452,10/04/2026,SUPER CLEARING HOUSE Marco Hospitality Casual PAY-20260410-EMP-MARCO-HOSP-CASUAL,31.02,,250329.86,SUPER,SUPER-PAY-20260410-EMP-MARCO-HOSP-CASUAL
099999123452,10/04/2026,SUPER CLEARING HOUSE Hana Cafe Part-time PAY-20260410-EMP-HANA-CAFE-PARTTIME,62.04,,250267.82,SUPER,SUPER-PAY-20260410-EMP-HANA-CAFE-PARTTIME
099999123452,10/04/2026,PAYROLL NET WAGE Riley Retail Casual PAY-20260410-EMP-RILEY-RETAIL-CASUAL,737.75,,249530.07,PAYROLL,PAYNET-PAY-20260410-EMP-RILEY-RETAIL-CASUAL
099999123452,10/04/2026,PAYROLL NET WAGE Priya Retail Supervisor PAY-20260410-EMP-PRIYA-RETAIL-SUP,883.70,,248646.37,PAYROLL,PAYNET-PAY-20260410-EMP-PRIYA-RETAIL-SUP
099999123452,10/04/2026,PAYROLL NET WAGE Marco Hospitality Casual PAY-20260410-EMP-MARCO-HOSP-CASUAL,258.48,,248387.89,PAYROLL,PAYNET-PAY-20260410-EMP-MARCO-HOSP-CASUAL
099999123452,10/04/2026,PAYROLL NET WAGE Hana Cafe Part-time PAY-20260410-EMP-HANA-CAFE-PARTTIME,491.00,,247896.89,PAYROLL,PAYNET-PAY-20260410-EMP-HANA-CAFE-PARTTIME
099999123452,10/04/2026,PAYG WITHHOLDING REMITTANCE ATO Riley Retail Casual PAY-20260410-EMP-RILEY-RETAIL-CASUAL,92.00,,247804.89,PAYROLL_TAX,PAYG-PAY-20260410-EMP-RILEY-RETAIL-CASUAL
099999123452,10/04/2026,PAYG WITHHOLDING REMITTANCE ATO Priya Retail Supervisor PAY-20260410-EMP-PRIYA-RETAIL-SUP,184.86,,247620.03,PAYROLL_TAX,PAYG-PAY-20260410-EMP-PRIYA-RETAIL-SUP
099999123452,10/04/2026,PAYG WITHHOLDING REMITTANCE ATO Hana Cafe Part-time PAY-20260410-EMP-HANA-CAFE-PARTTIME,26.00,,247594.03,PAYROLL_TAX,PAYG-PAY-20260410-EMP-HANA-CAFE-PARTTIME
099999123452,03/04/2026,SUPER CLEARING HOUSE Riley Retail Casual PAY-20260403-EMP-RILEY-RETAIL-CASUAL,99.57,,253735.93,SUPER,SUPER-PAY-20260403-EMP-RILEY-RETAIL-CASUAL
099999123452,03/04/2026,SUPER CLEARING HOUSE Priya Retail Supervisor PAY-20260403-EMP-PRIYA-RETAIL-SUP,128.23,,253607.70,SUPER,SUPER-PAY-20260403-EMP-PRIYA-RETAIL-SUP
099999123452,03/04/2026,SUPER CLEARING HOUSE Marco Hospitality Casual PAY-20260403-EMP-MARCO-HOSP-CASUAL,54.29,,253553.41,SUPER,SUPER-PAY-20260403-EMP-MARCO-HOSP-CASUAL
099999123452,03/04/2026,SUPER CLEARING HOUSE Hana Cafe Part-time PAY-20260403-EMP-HANA-CAFE-PARTTIME,62.04,,253491.37,SUPER,SUPER-PAY-20260403-EMP-HANA-CAFE-PARTTIME
099999123452,03/04/2026,PAYROLL NET WAGE Riley Retail Casual PAY-20260403-EMP-RILEY-RETAIL-CASUAL,737.75,,252753.62,PAYROLL,PAYNET-PAY-20260403-EMP-RILEY-RETAIL-CASUAL
099999123452,03/04/2026,PAYROLL NET WAGE Priya Retail Supervisor PAY-20260403-EMP-PRIYA-RETAIL-SUP,883.70,,251869.92,PAYROLL,PAYNET-PAY-20260403-EMP-PRIYA-RETAIL-SUP
099999123452,03/04/2026,PAYROLL NET WAGE Marco Hospitality Casual PAY-20260403-EMP-MARCO-HOSP-CASUAL,438.38,,251431.54,PAYROLL,PAYNET-PAY-20260403-EMP-MARCO-HOSP-CASUAL
099999123452,03/04/2026,PAYROLL NET WAGE Hana Cafe Part-time PAY-20260403-EMP-HANA-CAFE-PARTTIME,491.00,,250940.54,PAYROLL,PAYNET-PAY-20260403-EMP-HANA-CAFE-PARTTIME
099999123452,03/04/2026,PAYG WITHHOLDING REMITTANCE ATO Riley Retail Casual PAY-20260403-EMP-RILEY-RETAIL-CASUAL,92.00,,250848.54,PAYROLL_TAX,PAYG-PAY-20260403-EMP-RILEY-RETAIL-CASUAL
099999123452,03/04/2026,PAYG WITHHOLDING REMITTANCE ATO Priya Retail Supervisor PAY-20260403-EMP-PRIYA-RETAIL-SUP,184.86,,250663.68,PAYROLL_TAX,PAYG-PAY-20260403-EMP-PRIYA-RETAIL-SUP
099999123452,03/04/2026,PAYG WITHHOLDING REMITTANCE ATO Marco Hospitality Casual PAY-20260403-EMP-MARCO-HOSP-CASUAL,14.00,,250649.68,PAYROLL_TAX,PAYG-PAY-20260403-EMP-MARCO-HOSP-CASUAL
099999123452,03/04/2026,PAYG WITHHOLDING REMITTANCE ATO Hana Cafe Part-time PAY-20260403-EMP-HANA-CAFE-PARTTIME,26.00,,250623.68,PAYROLL_TAX,PAYG-PAY-20260403-EMP-HANA-CAFE-PARTTIME
099999123452,03/04/2026,WITHDRAWAL-OSKO PAYMENT Bank BANKFEE-202603,35.00,,250588.68,PAYMENT,BTP-000036
099999123452,27/03/2026,SUPER CLEARING HOUSE Riley Retail Casual PAY-20260327-EMP-RILEY-RETAIL-CASUAL,99.57,,257020.12,SUPER,SUPER-PAY-20260327-EMP-RILEY-RETAIL-CASUAL
099999123452,27/03/2026,SUPER CLEARING HOUSE Priya Retail Supervisor PAY-20260327-EMP-PRIYA-RETAIL-SUP,128.23,,256891.89,SUPER,SUPER-PAY-20260327-EMP-PRIYA-RETAIL-SUP
099999123452,27/03/2026,SUPER CLEARING HOUSE Marco Hospitality Casual PAY-20260327-EMP-MARCO-HOSP-CASUAL,62.04,,256829.85,SUPER,SUPER-PAY-20260327-EMP-MARCO-HOSP-CASUAL
099999123452,27/03/2026,SUPER CLEARING HOUSE Hana Cafe Part-time PAY-20260327-EMP-HANA-CAFE-PARTTIME,62.04,,256767.81,SUPER,SUPER-PAY-20260327-EMP-HANA-CAFE-PARTTIME
099999123452,27/03/2026,PAYROLL NET WAGE Riley Retail Casual PAY-20260327-EMP-RILEY-RETAIL-CASUAL,737.75,,256030.06,PAYROLL,PAYNET-PAY-20260327-EMP-RILEY-RETAIL-CASUAL
099999123452,27/03/2026,PAYROLL NET WAGE Priya Retail Supervisor PAY-20260327-EMP-PRIYA-RETAIL-SUP,883.70,,255146.36,PAYROLL,PAYNET-PAY-20260327-EMP-PRIYA-RETAIL-SUP
099999123452,27/03/2026,PAYROLL NET WAGE Marco Hospitality Casual PAY-20260327-EMP-MARCO-HOSP-CASUAL,491.00,,254655.36,PAYROLL,PAYNET-PAY-20260327-EMP-MARCO-HOSP-CASUAL
099999123452,27/03/2026,PAYROLL NET WAGE Hana Cafe Part-time PAY-20260327-EMP-HANA-CAFE-PARTTIME,491.00,,254164.36,PAYROLL,PAYNET-PAY-20260327-EMP-HANA-CAFE-PARTTIME
099999123452,27/03/2026,PAYG WITHHOLDING REMITTANCE ATO Riley Retail Casual PAY-20260327-EMP-RILEY-RETAIL-CASUAL,92.00,,254072.36,PAYROLL_TAX,PAYG-PAY-20260327-EMP-RILEY-RETAIL-CASUAL
099999123452,27/03/2026,PAYG WITHHOLDING REMITTANCE ATO Priya Retail Supervisor PAY-20260327-EMP-PRIYA-RETAIL-SUP,184.86,,253887.50,PAYROLL_TAX,PAYG-PAY-20260327-EMP-PRIYA-RETAIL-SUP
099999123452,27/03/2026,PAYG WITHHOLDING REMITTANCE ATO Marco Hospitality Casual PAY-20260327-EMP-MARCO-HOSP-CASUAL,26.00,,253861.50,PAYROLL_TAX,PAYG-PAY-20260327-EMP-MARCO-HOSP-CASUAL
099999123452,27/03/2026,PAYG WITHHOLDING REMITTANCE ATO Hana Cafe Part-time PAY-20260327-EMP-HANA-CAFE-PARTTIME,26.00,,253835.50,PAYROLL_TAX,PAYG-PAY-20260327-EMP-HANA-CAFE-PARTTIME
099999123452,25/03/2026,WITHDRAWAL-OSKO PAYMENT Peak Local Marketing Pty Ltd CONTRACT-202603,1980.00,,257119.69,PAYMENT,BTP-000035
099999123452,22/03/2026,WITHDRAWAL-OSKO PAYMENT Cloud Software Vendors SOFT-202603,1045.00,,259099.69,PAYMENT,BTP-000034
099999123452,20/03/2026,SUPER CLEARING HOUSE Riley Retail Casual PAY-20260320-EMP-RILEY-RETAIL-CASUAL,99.57,,263039.77,SUPER,SUPER-PAY-20260320-EMP-RILEY-RETAIL-CASUAL
099999123452,20/03/2026,SUPER CLEARING HOUSE Priya Retail Supervisor PAY-20260320-EMP-PRIYA-RETAIL-SUP,128.23,,262911.54,SUPER,SUPER-PAY-20260320-EMP-PRIYA-RETAIL-SUP
099999123452,20/03/2026,SUPER CLEARING HOUSE Marco Hospitality Casual PAY-20260320-EMP-MARCO-HOSP-CASUAL,31.02,,262880.52,SUPER,SUPER-PAY-20260320-EMP-MARCO-HOSP-CASUAL
099999123452,20/03/2026,SUPER CLEARING HOUSE Hana Cafe Part-time PAY-20260320-EMP-HANA-CAFE-PARTTIME,62.04,,262818.48,SUPER,SUPER-PAY-20260320-EMP-HANA-CAFE-PARTTIME
099999123452,20/03/2026,PAYROLL NET WAGE Riley Retail Casual PAY-20260320-EMP-RILEY-RETAIL-CASUAL,737.75,,262080.73,PAYROLL,PAYNET-PAY-20260320-EMP-RILEY-RETAIL-CASUAL
099999123452,20/03/2026,PAYROLL NET WAGE Priya Retail Supervisor PAY-20260320-EMP-PRIYA-RETAIL-SUP,883.70,,261197.03,PAYROLL,PAYNET-PAY-20260320-EMP-PRIYA-RETAIL-SUP
099999123452,20/03/2026,PAYROLL NET WAGE Marco Hospitality Casual PAY-20260320-EMP-MARCO-HOSP-CASUAL,258.48,,260938.55,PAYROLL,PAYNET-PAY-20260320-EMP-MARCO-HOSP-CASUAL
099999123452,20/03/2026,PAYROLL NET WAGE Hana Cafe Part-time PAY-20260320-EMP-HANA-CAFE-PARTTIME,491.00,,260447.55,PAYROLL,PAYNET-PAY-20260320-EMP-HANA-CAFE-PARTTIME
099999123452,20/03/2026,PAYG WITHHOLDING REMITTANCE ATO Riley Retail Casual PAY-20260320-EMP-RILEY-RETAIL-CASUAL,92.00,,260355.55,PAYROLL_TAX,PAYG-PAY-20260320-EMP-RILEY-RETAIL-CASUAL
099999123452,20/03/2026,PAYG WITHHOLDING REMITTANCE ATO Priya Retail Supervisor PAY-20260320-EMP-PRIYA-RETAIL-SUP,184.86,,260170.69,PAYROLL_TAX,PAYG-PAY-20260320-EMP-PRIYA-RETAIL-SUP
099999123452,20/03/2026,PAYG WITHHOLDING REMITTANCE ATO Hana Cafe Part-time PAY-20260320-EMP-HANA-CAFE-PARTTIME,26.00,,260144.69,PAYROLL_TAX,PAYG-PAY-20260320-EMP-HANA-CAFE-PARTTIME
099999123452,18/03/2026,DEPOSIT OSKO PAYMENT Retail Client A INV-009,,48675.00,263139.34,DEP,BTR-000009
099999123452,16/03/2026,WITHDRAWAL-OSKO PAYMENT Harbour Property Trust RENT-202603,8580.00,,214464.34,PAYMENT,BTP-000033
099999123452,13/03/2026,SUPER CLEARING HOUSE Riley Retail Casual PAY-20260313-EMP-RILEY-RETAIL-CASUAL,99.57,,225939.42,SUPER,SUPER-PAY-20260313-EMP-RILEY-RETAIL-CASUAL
099999123452,13/03/2026,SUPER CLEARING HOUSE Priya Retail Supervisor PAY-20260313-EMP-PRIYA-RETAIL-SUP,128.23,,225811.19,SUPER,SUPER-PAY-20260313-EMP-PRIYA-RETAIL-SUP
099999123452,13/03/2026,SUPER CLEARING HOUSE Marco Hospitality Casual PAY-20260313-EMP-MARCO-HOSP-CASUAL,31.02,,225780.17,SUPER,SUPER-PAY-20260313-EMP-MARCO-HOSP-CASUAL
099999123452,13/03/2026,SUPER CLEARING HOUSE Hana Cafe Part-time PAY-20260313-EMP-HANA-CAFE-PARTTIME,62.04,,225718.13,SUPER,SUPER-PAY-20260313-EMP-HANA-CAFE-PARTTIME
099999123452,13/03/2026,PAYROLL NET WAGE Riley Retail Casual PAY-20260313-EMP-RILEY-RETAIL-CASUAL,737.75,,224980.38,PAYROLL,PAYNET-PAY-20260313-EMP-RILEY-RETAIL-CASUAL
099999123452,13/03/2026,PAYROLL NET WAGE Priya Retail Supervisor PAY-20260313-EMP-PRIYA-RETAIL-SUP,883.70,,224096.68,PAYROLL,PAYNET-PAY-20260313-EMP-PRIYA-RETAIL-SUP
099999123452,13/03/2026,PAYROLL NET WAGE Marco Hospitality Casual PAY-20260313-EMP-MARCO-HOSP-CASUAL,258.48,,223838.20,PAYROLL,PAYNET-PAY-20260313-EMP-MARCO-HOSP-CASUAL
099999123452,13/03/2026,PAYROLL NET WAGE Hana Cafe Part-time PAY-20260313-EMP-HANA-CAFE-PARTTIME,491.00,,223347.20,PAYROLL,PAYNET-PAY-20260313-EMP-HANA-CAFE-PARTTIME
099999123452,13/03/2026,PAYG WITHHOLDING REMITTANCE ATO Riley Retail Casual PAY-20260313-EMP-RILEY-RETAIL-CASUAL,92.00,,223255.20,PAYROLL_TAX,PAYG-PAY-20260313-EMP-RILEY-RETAIL-CASUAL
099999123452,13/03/2026,PAYG WITHHOLDING REMITTANCE ATO Priya Retail Supervisor PAY-20260313-EMP-PRIYA-RETAIL-SUP,184.86,,223070.34,PAYROLL_TAX,PAYG-PAY-20260313-EMP-PRIYA-RETAIL-SUP
099999123452,13/03/2026,PAYG WITHHOLDING REMITTANCE ATO Hana Cafe Part-time PAY-20260313-EMP-HANA-CAFE-PARTTIME,26.00,,223044.34,PAYROLL_TAX,PAYG-PAY-20260313-EMP-HANA-CAFE-PARTTIME
099999123452,06/03/2026,SUPER CLEARING HOUSE Riley Retail Casual PAY-20260306-EMP-RILEY-RETAIL-CASUAL,99.57,,229186.24,SUPER,SUPER-PAY-20260306-EMP-RILEY-RETAIL-CASUAL
099999123452,06/03/2026,SUPER CLEARING HOUSE Priya Retail Supervisor PAY-20260306-EMP-PRIYA-RETAIL-SUP,128.23,,229058.01,SUPER,SUPER-PAY-20260306-EMP-PRIYA-RETAIL-SUP
099999123452,06/03/2026,SUPER CLEARING HOUSE Marco Hospitality Casual PAY-20260306-EMP-MARCO-HOSP-CASUAL,54.29,,229003.72,SUPER,SUPER-PAY-20260306-EMP-MARCO-HOSP-CASUAL
099999123452,06/03/2026,SUPER CLEARING HOUSE Hana Cafe Part-time PAY-20260306-EMP-HANA-CAFE-PARTTIME,62.04,,228941.68,SUPER,SUPER-PAY-20260306-EMP-HANA-CAFE-PARTTIME
099999123452,06/03/2026,PAYROLL NET WAGE Riley Retail Casual PAY-20260306-EMP-RILEY-RETAIL-CASUAL,737.75,,228203.93,PAYROLL,PAYNET-PAY-20260306-EMP-RILEY-RETAIL-CASUAL
099999123452,06/03/2026,PAYROLL NET WAGE Priya Retail Supervisor PAY-20260306-EMP-PRIYA-RETAIL-SUP,883.70,,227320.23,PAYROLL,PAYNET-PAY-20260306-EMP-PRIYA-RETAIL-SUP
099999123452,06/03/2026,PAYROLL NET WAGE Marco Hospitality Casual PAY-20260306-EMP-MARCO-HOSP-CASUAL,438.38,,226881.85,PAYROLL,PAYNET-PAY-20260306-EMP-MARCO-HOSP-CASUAL
099999123452,06/03/2026,PAYROLL NET WAGE Hana Cafe Part-time PAY-20260306-EMP-HANA-CAFE-PARTTIME,491.00,,226390.85,PAYROLL,PAYNET-PAY-20260306-EMP-HANA-CAFE-PARTTIME
099999123452,06/03/2026,PAYG WITHHOLDING REMITTANCE ATO Riley Retail Casual PAY-20260306-EMP-RILEY-RETAIL-CASUAL,92.00,,226298.85,PAYROLL_TAX,PAYG-PAY-20260306-EMP-RILEY-RETAIL-CASUAL
099999123452,06/03/2026,PAYG WITHHOLDING REMITTANCE ATO Priya Retail Supervisor PAY-20260306-EMP-PRIYA-RETAIL-SUP,184.86,,226113.99,PAYROLL_TAX,PAYG-PAY-20260306-EMP-PRIYA-RETAIL-SUP
099999123452,06/03/2026,PAYG WITHHOLDING REMITTANCE ATO Marco Hospitality Casual PAY-20260306-EMP-MARCO-HOSP-CASUAL,14.00,,226099.99,PAYROLL_TAX,PAYG-PAY-20260306-EMP-MARCO-HOSP-CASUAL
099999123452,06/03/2026,PAYG WITHHOLDING REMITTANCE ATO Hana Cafe Part-time PAY-20260306-EMP-HANA-CAFE-PARTTIME,26.00,,226073.99,PAYROLL_TAX,PAYG-PAY-20260306-EMP-HANA-CAFE-PARTTIME
099999123452,06/03/2026,WITHDRAWAL-OSKO PAYMENT Bank BANKFEE-202602,35.00,,226038.99,PAYMENT,BTP-000032
099999123452,27/02/2026,SUPER CLEARING HOUSE Riley Retail Casual PAY-20260227-EMP-RILEY-RETAIL-CASUAL,99.57,,232180.89,SUPER,SUPER-PAY-20260227-EMP-RILEY-RETAIL-CASUAL
099999123452,27/02/2026,SUPER CLEARING HOUSE Priya Retail Supervisor PAY-20260227-EMP-PRIYA-RETAIL-SUP,128.23,,232052.66,SUPER,SUPER-PAY-20260227-EMP-PRIYA-RETAIL-SUP
099999123452,27/02/2026,SUPER CLEARING HOUSE Marco Hospitality Casual PAY-20260227-EMP-MARCO-HOSP-CASUAL,31.02,,232021.64,SUPER,SUPER-PAY-20260227-EMP-MARCO-HOSP-CASUAL
099999123452,27/02/2026,SUPER CLEARING HOUSE Hana Cafe Part-time PAY-20260227-EMP-HANA-CAFE-PARTTIME,62.04,,231959.60,SUPER,SUPER-PAY-20260227-EMP-HANA-CAFE-PARTTIME
099999123452,27/02/2026,PAYROLL NET WAGE Riley Retail Casual PAY-20260227-EMP-RILEY-RETAIL-CASUAL,737.75,,231221.85,PAYROLL,PAYNET-PAY-20260227-EMP-RILEY-RETAIL-CASUAL
099999123452,27/02/2026,PAYROLL NET WAGE Priya Retail Supervisor PAY-20260227-EMP-PRIYA-RETAIL-SUP,883.70,,230338.15,PAYROLL,PAYNET-PAY-20260227-EMP-PRIYA-RETAIL-SUP
099999123452,27/02/2026,PAYROLL NET WAGE Marco Hospitality Casual PAY-20260227-EMP-MARCO-HOSP-CASUAL,258.48,,230079.67,PAYROLL,PAYNET-PAY-20260227-EMP-MARCO-HOSP-CASUAL
099999123452,27/02/2026,PAYROLL NET WAGE Hana Cafe Part-time PAY-20260227-EMP-HANA-CAFE-PARTTIME,491.00,,229588.67,PAYROLL,PAYNET-PAY-20260227-EMP-HANA-CAFE-PARTTIME
099999123452,27/02/2026,PAYG WITHHOLDING REMITTANCE ATO Riley Retail Casual PAY-20260227-EMP-RILEY-RETAIL-CASUAL,92.00,,229496.67,PAYROLL_TAX,PAYG-PAY-20260227-EMP-RILEY-RETAIL-CASUAL
099999123452,27/02/2026,PAYG WITHHOLDING REMITTANCE ATO Priya Retail Supervisor PAY-20260227-EMP-PRIYA-RETAIL-SUP,184.86,,229311.81,PAYROLL_TAX,PAYG-PAY-20260227-EMP-PRIYA-RETAIL-SUP
099999123452,27/02/2026,PAYG WITHHOLDING REMITTANCE ATO Hana Cafe Part-time PAY-20260227-EMP-HANA-CAFE-PARTTIME,26.00,,229285.81,PAYROLL_TAX,PAYG-PAY-20260227-EMP-HANA-CAFE-PARTTIME
099999123452,25/02/2026,WITHDRAWAL-OSKO PAYMENT Peak Local Marketing Pty Ltd CONTRACT-202602,1980.00,,232280.46,PAYMENT,BTP-000031
099999123452,22/02/2026,WITHDRAWAL-OSKO PAYMENT Cloud Software Vendors SOFT-202602,1045.00,,234260.46,PAYMENT,BTP-000030
099999123452,20/02/2026,SUPER CLEARING HOUSE Riley Retail Casual PAY-20260220-EMP-RILEY-RETAIL-CASUAL,99.57,,238200.54,SUPER,SUPER-PAY-20260220-EMP-RILEY-RETAIL-CASUAL
099999123452,20/02/2026,SUPER CLEARING HOUSE Priya Retail Supervisor PAY-20260220-EMP-PRIYA-RETAIL-SUP,128.23,,238072.31,SUPER,SUPER-PAY-20260220-EMP-PRIYA-RETAIL-SUP
099999123452,20/02/2026,SUPER CLEARING HOUSE Marco Hospitality Casual PAY-20260220-EMP-MARCO-HOSP-CASUAL,31.02,,238041.29,SUPER,SUPER-PAY-20260220-EMP-MARCO-HOSP-CASUAL
099999123452,20/02/2026,SUPER CLEARING HOUSE Hana Cafe Part-time PAY-20260220-EMP-HANA-CAFE-PARTTIME,62.04,,237979.25,SUPER,SUPER-PAY-20260220-EMP-HANA-CAFE-PARTTIME
099999123452,20/02/2026,PAYROLL NET WAGE Riley Retail Casual PAY-20260220-EMP-RILEY-RETAIL-CASUAL,737.75,,237241.50,PAYROLL,PAYNET-PAY-20260220-EMP-RILEY-RETAIL-CASUAL
099999123452,20/02/2026,PAYROLL NET WAGE Priya Retail Supervisor PAY-20260220-EMP-PRIYA-RETAIL-SUP,883.70,,236357.80,PAYROLL,PAYNET-PAY-20260220-EMP-PRIYA-RETAIL-SUP
099999123452,20/02/2026,PAYROLL NET WAGE Marco Hospitality Casual PAY-20260220-EMP-MARCO-HOSP-CASUAL,258.48,,236099.32,PAYROLL,PAYNET-PAY-20260220-EMP-MARCO-HOSP-CASUAL
099999123452,20/02/2026,PAYROLL NET WAGE Hana Cafe Part-time PAY-20260220-EMP-HANA-CAFE-PARTTIME,491.00,,235608.32,PAYROLL,PAYNET-PAY-20260220-EMP-HANA-CAFE-PARTTIME
099999123452,20/02/2026,PAYG WITHHOLDING REMITTANCE ATO Riley Retail Casual PAY-20260220-EMP-RILEY-RETAIL-CASUAL,92.00,,235516.32,PAYROLL_TAX,PAYG-PAY-20260220-EMP-RILEY-RETAIL-CASUAL
099999123452,20/02/2026,PAYG WITHHOLDING REMITTANCE ATO Priya Retail Supervisor PAY-20260220-EMP-PRIYA-RETAIL-SUP,184.86,,235331.46,PAYROLL_TAX,PAYG-PAY-20260220-EMP-PRIYA-RETAIL-SUP
099999123452,20/02/2026,PAYG WITHHOLDING REMITTANCE ATO Hana Cafe Part-time PAY-20260220-EMP-HANA-CAFE-PARTTIME,26.00,,235305.46,PAYROLL_TAX,PAYG-PAY-20260220-EMP-HANA-CAFE-PARTTIME
099999123452,18/02/2026,DEPOSIT OSKO PAYMENT Retail Client C INV-008,,48400.00,238300.11,DEP,BTR-000008
099999123452,16/02/2026,WITHDRAWAL-OSKO PAYMENT Harbour Property Trust RENT-202602,8580.00,,189900.11,PAYMENT,BTP-000029
099999123452,13/02/2026,SUPER CLEARING HOUSE Riley Retail Casual PAY-20260213-EMP-RILEY-RETAIL-CASUAL,99.57,,201375.19,SUPER,SUPER-PAY-20260213-EMP-RILEY-RETAIL-CASUAL
099999123452,13/02/2026,SUPER CLEARING HOUSE Priya Retail Supervisor PAY-20260213-EMP-PRIYA-RETAIL-SUP,128.23,,201246.96,SUPER,SUPER-PAY-20260213-EMP-PRIYA-RETAIL-SUP
099999123452,13/02/2026,SUPER CLEARING HOUSE Marco Hospitality Casual PAY-20260213-EMP-MARCO-HOSP-CASUAL,31.02,,201215.94,SUPER,SUPER-PAY-20260213-EMP-MARCO-HOSP-CASUAL
099999123452,13/02/2026,SUPER CLEARING HOUSE Hana Cafe Part-time PAY-20260213-EMP-HANA-CAFE-PARTTIME,62.04,,201153.90,SUPER,SUPER-PAY-20260213-EMP-HANA-CAFE-PARTTIME
099999123452,13/02/2026,PAYROLL NET WAGE Riley Retail Casual PAY-20260213-EMP-RILEY-RETAIL-CASUAL,737.75,,200416.15,PAYROLL,PAYNET-PAY-20260213-EMP-RILEY-RETAIL-CASUAL
099999123452,13/02/2026,PAYROLL NET WAGE Priya Retail Supervisor PAY-20260213-EMP-PRIYA-RETAIL-SUP,883.70,,199532.45,PAYROLL,PAYNET-PAY-20260213-EMP-PRIYA-RETAIL-SUP
099999123452,13/02/2026,PAYROLL NET WAGE Marco Hospitality Casual PAY-20260213-EMP-MARCO-HOSP-CASUAL,258.48,,199273.97,PAYROLL,PAYNET-PAY-20260213-EMP-MARCO-HOSP-CASUAL
099999123452,13/02/2026,PAYROLL NET WAGE Hana Cafe Part-time PAY-20260213-EMP-HANA-CAFE-PARTTIME,491.00,,198782.97,PAYROLL,PAYNET-PAY-20260213-EMP-HANA-CAFE-PARTTIME
099999123452,13/02/2026,PAYG WITHHOLDING REMITTANCE ATO Riley Retail Casual PAY-20260213-EMP-RILEY-RETAIL-CASUAL,92.00,,198690.97,PAYROLL_TAX,PAYG-PAY-20260213-EMP-RILEY-RETAIL-CASUAL
099999123452,13/02/2026,PAYG WITHHOLDING REMITTANCE ATO Priya Retail Supervisor PAY-20260213-EMP-PRIYA-RETAIL-SUP,184.86,,198506.11,PAYROLL_TAX,PAYG-PAY-20260213-EMP-PRIYA-RETAIL-SUP
099999123452,13/02/2026,PAYG WITHHOLDING REMITTANCE ATO Hana Cafe Part-time PAY-20260213-EMP-HANA-CAFE-PARTTIME,26.00,,198480.11,PAYROLL_TAX,PAYG-PAY-20260213-EMP-HANA-CAFE-PARTTIME
099999123452,06/02/2026,SUPER CLEARING HOUSE Riley Retail Casual PAY-20260206-EMP-RILEY-RETAIL-CASUAL,99.57,,204587.01,SUPER,SUPER-PAY-20260206-EMP-RILEY-RETAIL-CASUAL
099999123452,06/02/2026,SUPER CLEARING HOUSE Priya Retail Supervisor PAY-20260206-EMP-PRIYA-RETAIL-SUP,128.23,,204458.78,SUPER,SUPER-PAY-20260206-EMP-PRIYA-RETAIL-SUP
099999123452,06/02/2026,SUPER CLEARING HOUSE Marco Hospitality Casual PAY-20260206-EMP-MARCO-HOSP-CASUAL,54.29,,204404.49,SUPER,SUPER-PAY-20260206-EMP-MARCO-HOSP-CASUAL
099999123452,06/02/2026,SUPER CLEARING HOUSE Hana Cafe Part-time PAY-20260206-EMP-HANA-CAFE-PARTTIME,62.04,,204342.45,SUPER,SUPER-PAY-20260206-EMP-HANA-CAFE-PARTTIME
099999123452,06/02/2026,PAYROLL NET WAGE Riley Retail Casual PAY-20260206-EMP-RILEY-RETAIL-CASUAL,737.75,,203604.70,PAYROLL,PAYNET-PAY-20260206-EMP-RILEY-RETAIL-CASUAL
099999123452,06/02/2026,PAYROLL NET WAGE Priya Retail Supervisor PAY-20260206-EMP-PRIYA-RETAIL-SUP,883.70,,202721.00,PAYROLL,PAYNET-PAY-20260206-EMP-PRIYA-RETAIL-SUP
099999123452,06/02/2026,PAYROLL NET WAGE Marco Hospitality Casual PAY-20260206-EMP-MARCO-HOSP-CASUAL,438.38,,202282.62,PAYROLL,PAYNET-PAY-20260206-EMP-MARCO-HOSP-CASUAL
099999123452,06/02/2026,PAYROLL NET WAGE Hana Cafe Part-time PAY-20260206-EMP-HANA-CAFE-PARTTIME,491.00,,201791.62,PAYROLL,PAYNET-PAY-20260206-EMP-HANA-CAFE-PARTTIME
099999123452,06/02/2026,PAYG WITHHOLDING REMITTANCE ATO Riley Retail Casual PAY-20260206-EMP-RILEY-RETAIL-CASUAL,92.00,,201699.62,PAYROLL_TAX,PAYG-PAY-20260206-EMP-RILEY-RETAIL-CASUAL
099999123452,06/02/2026,PAYG WITHHOLDING REMITTANCE ATO Priya Retail Supervisor PAY-20260206-EMP-PRIYA-RETAIL-SUP,184.86,,201514.76,PAYROLL_TAX,PAYG-PAY-20260206-EMP-PRIYA-RETAIL-SUP
099999123452,06/02/2026,PAYG WITHHOLDING REMITTANCE ATO Marco Hospitality Casual PAY-20260206-EMP-MARCO-HOSP-CASUAL,14.00,,201500.76,PAYROLL_TAX,PAYG-PAY-20260206-EMP-MARCO-HOSP-CASUAL
099999123452,06/02/2026,PAYG WITHHOLDING REMITTANCE ATO Hana Cafe Part-time PAY-20260206-EMP-HANA-CAFE-PARTTIME,26.00,,201474.76,PAYROLL_TAX,PAYG-PAY-20260206-EMP-HANA-CAFE-PARTTIME
099999123452,03/02/2026,WITHDRAWAL-OSKO PAYMENT Bank BANKFEE-202601,35.00,,204686.58,PAYMENT,BTP-000028
099999123452,30/01/2026,SUPER CLEARING HOUSE Riley Retail Casual PAY-20260130-EMP-RILEY-RETAIL-CASUAL,99.57,,207616.66,SUPER,SUPER-PAY-20260130-EMP-RILEY-RETAIL-CASUAL
099999123452,30/01/2026,SUPER CLEARING HOUSE Priya Retail Supervisor PAY-20260130-EMP-PRIYA-RETAIL-SUP,128.23,,207488.43,SUPER,SUPER-PAY-20260130-EMP-PRIYA-RETAIL-SUP
099999123452,30/01/2026,SUPER CLEARING HOUSE Marco Hospitality Casual PAY-20260130-EMP-MARCO-HOSP-CASUAL,31.02,,207457.41,SUPER,SUPER-PAY-20260130-EMP-MARCO-HOSP-CASUAL
099999123452,30/01/2026,SUPER CLEARING HOUSE Hana Cafe Part-time PAY-20260130-EMP-HANA-CAFE-PARTTIME,62.04,,207395.37,SUPER,SUPER-PAY-20260130-EMP-HANA-CAFE-PARTTIME
099999123452,30/01/2026,PAYROLL NET WAGE Riley Retail Casual PAY-20260130-EMP-RILEY-RETAIL-CASUAL,737.75,,206657.62,PAYROLL,PAYNET-PAY-20260130-EMP-RILEY-RETAIL-CASUAL
099999123452,30/01/2026,PAYROLL NET WAGE Priya Retail Supervisor PAY-20260130-EMP-PRIYA-RETAIL-SUP,883.70,,205773.92,PAYROLL,PAYNET-PAY-20260130-EMP-PRIYA-RETAIL-SUP
099999123452,30/01/2026,PAYROLL NET WAGE Marco Hospitality Casual PAY-20260130-EMP-MARCO-HOSP-CASUAL,258.48,,205515.44,PAYROLL,PAYNET-PAY-20260130-EMP-MARCO-HOSP-CASUAL
099999123452,30/01/2026,PAYROLL NET WAGE Hana Cafe Part-time PAY-20260130-EMP-HANA-CAFE-PARTTIME,491.00,,205024.44,PAYROLL,PAYNET-PAY-20260130-EMP-HANA-CAFE-PARTTIME
099999123452,30/01/2026,PAYG WITHHOLDING REMITTANCE ATO Riley Retail Casual PAY-20260130-EMP-RILEY-RETAIL-CASUAL,92.00,,204932.44,PAYROLL_TAX,PAYG-PAY-20260130-EMP-RILEY-RETAIL-CASUAL
099999123452,30/01/2026,PAYG WITHHOLDING REMITTANCE ATO Priya Retail Supervisor PAY-20260130-EMP-PRIYA-RETAIL-SUP,184.86,,204747.58,PAYROLL_TAX,PAYG-PAY-20260130-EMP-PRIYA-RETAIL-SUP
099999123452,30/01/2026,PAYG WITHHOLDING REMITTANCE ATO Hana Cafe Part-time PAY-20260130-EMP-HANA-CAFE-PARTTIME,26.00,,204721.58,PAYROLL_TAX,PAYG-PAY-20260130-EMP-HANA-CAFE-PARTTIME
099999123452,25/01/2026,WITHDRAWAL-OSKO PAYMENT Peak Local Marketing Pty Ltd CONTRACT-202601,1980.00,,207716.23,PAYMENT,BTP-000027
099999123452,23/01/2026,SUPER CLEARING HOUSE Riley Retail Casual PAY-20260123-EMP-RILEY-RETAIL-CASUAL,99.57,,212591.31,SUPER,SUPER-PAY-20260123-EMP-RILEY-RETAIL-CASUAL
099999123452,23/01/2026,SUPER CLEARING HOUSE Priya Retail Supervisor PAY-20260123-EMP-PRIYA-RETAIL-SUP,128.23,,212463.08,SUPER,SUPER-PAY-20260123-EMP-PRIYA-RETAIL-SUP
099999123452,23/01/2026,SUPER CLEARING HOUSE Marco Hospitality Casual PAY-20260123-EMP-MARCO-HOSP-CASUAL,31.02,,212432.06,SUPER,SUPER-PAY-20260123-EMP-MARCO-HOSP-CASUAL
099999123452,23/01/2026,SUPER CLEARING HOUSE Hana Cafe Part-time PAY-20260123-EMP-HANA-CAFE-PARTTIME,62.04,,212370.02,SUPER,SUPER-PAY-20260123-EMP-HANA-CAFE-PARTTIME
099999123452,23/01/2026,PAYROLL NET WAGE Riley Retail Casual PAY-20260123-EMP-RILEY-RETAIL-CASUAL,737.75,,211632.27,PAYROLL,PAYNET-PAY-20260123-EMP-RILEY-RETAIL-CASUAL
099999123452,23/01/2026,PAYROLL NET WAGE Priya Retail Supervisor PAY-20260123-EMP-PRIYA-RETAIL-SUP,883.70,,210748.57,PAYROLL,PAYNET-PAY-20260123-EMP-PRIYA-RETAIL-SUP
099999123452,23/01/2026,PAYROLL NET WAGE Marco Hospitality Casual PAY-20260123-EMP-MARCO-HOSP-CASUAL,258.48,,210490.09,PAYROLL,PAYNET-PAY-20260123-EMP-MARCO-HOSP-CASUAL
099999123452,23/01/2026,PAYROLL NET WAGE Hana Cafe Part-time PAY-20260123-EMP-HANA-CAFE-PARTTIME,491.00,,209999.09,PAYROLL,PAYNET-PAY-20260123-EMP-HANA-CAFE-PARTTIME
099999123452,23/01/2026,PAYG WITHHOLDING REMITTANCE ATO Riley Retail Casual PAY-20260123-EMP-RILEY-RETAIL-CASUAL,92.00,,209907.09,PAYROLL_TAX,PAYG-PAY-20260123-EMP-RILEY-RETAIL-CASUAL
099999123452,23/01/2026,PAYG WITHHOLDING REMITTANCE ATO Priya Retail Supervisor PAY-20260123-EMP-PRIYA-RETAIL-SUP,184.86,,209722.23,PAYROLL_TAX,PAYG-PAY-20260123-EMP-PRIYA-RETAIL-SUP
099999123452,23/01/2026,PAYG WITHHOLDING REMITTANCE ATO Hana Cafe Part-time PAY-20260123-EMP-HANA-CAFE-PARTTIME,26.00,,209696.23,PAYROLL_TAX,PAYG-PAY-20260123-EMP-HANA-CAFE-PARTTIME
099999123452,22/01/2026,WITHDRAWAL-OSKO PAYMENT Cloud Software Vendors SOFT-202601,1045.00,,212690.88,PAYMENT,BTP-000026
099999123452,18/01/2026,DEPOSIT OSKO PAYMENT Retail Client B INV-007,,48125.00,213735.88,DEP,BTR-000007
099999123452,16/01/2026,SUPER CLEARING HOUSE Riley Retail Casual PAY-20260116-EMP-RILEY-RETAIL-CASUAL,99.57,,177085.96,SUPER,SUPER-PAY-20260116-EMP-RILEY-RETAIL-CASUAL
099999123452,16/01/2026,SUPER CLEARING HOUSE Priya Retail Supervisor PAY-20260116-EMP-PRIYA-RETAIL-SUP,128.23,,176957.73,SUPER,SUPER-PAY-20260116-EMP-PRIYA-RETAIL-SUP
099999123452,16/01/2026,SUPER CLEARING HOUSE Marco Hospitality Casual PAY-20260116-EMP-MARCO-HOSP-CASUAL,31.02,,176926.71,SUPER,SUPER-PAY-20260116-EMP-MARCO-HOSP-CASUAL
099999123452,16/01/2026,SUPER CLEARING HOUSE Hana Cafe Part-time PAY-20260116-EMP-HANA-CAFE-PARTTIME,62.04,,176864.67,SUPER,SUPER-PAY-20260116-EMP-HANA-CAFE-PARTTIME
099999123452,16/01/2026,PAYROLL NET WAGE Riley Retail Casual PAY-20260116-EMP-RILEY-RETAIL-CASUAL,737.75,,176126.92,PAYROLL,PAYNET-PAY-20260116-EMP-RILEY-RETAIL-CASUAL
099999123452,16/01/2026,PAYROLL NET WAGE Priya Retail Supervisor PAY-20260116-EMP-PRIYA-RETAIL-SUP,883.70,,175243.22,PAYROLL,PAYNET-PAY-20260116-EMP-PRIYA-RETAIL-SUP
099999123452,16/01/2026,PAYROLL NET WAGE Marco Hospitality Casual PAY-20260116-EMP-MARCO-HOSP-CASUAL,258.48,,174984.74,PAYROLL,PAYNET-PAY-20260116-EMP-MARCO-HOSP-CASUAL
099999123452,16/01/2026,PAYROLL NET WAGE Hana Cafe Part-time PAY-20260116-EMP-HANA-CAFE-PARTTIME,491.00,,174493.74,PAYROLL,PAYNET-PAY-20260116-EMP-HANA-CAFE-PARTTIME
099999123452,16/01/2026,PAYG WITHHOLDING REMITTANCE ATO Riley Retail Casual PAY-20260116-EMP-RILEY-RETAIL-CASUAL,92.00,,174401.74,PAYROLL_TAX,PAYG-PAY-20260116-EMP-RILEY-RETAIL-CASUAL
099999123452,16/01/2026,PAYG WITHHOLDING REMITTANCE ATO Priya Retail Supervisor PAY-20260116-EMP-PRIYA-RETAIL-SUP,184.86,,174216.88,PAYROLL_TAX,PAYG-PAY-20260116-EMP-PRIYA-RETAIL-SUP
099999123452,16/01/2026,PAYG WITHHOLDING REMITTANCE ATO Hana Cafe Part-time PAY-20260116-EMP-HANA-CAFE-PARTTIME,26.00,,174190.88,PAYROLL_TAX,PAYG-PAY-20260116-EMP-HANA-CAFE-PARTTIME
099999123452,16/01/2026,WITHDRAWAL-OSKO PAYMENT Harbour Property Trust RENT-202601,8580.00,,165610.88,PAYMENT,BTP-000025
099999123452,09/01/2026,SUPER CLEARING HOUSE Riley Retail Casual PAY-20260109-EMP-RILEY-RETAIL-CASUAL,99.57,,180297.78,SUPER,SUPER-PAY-20260109-EMP-RILEY-RETAIL-CASUAL
099999123452,09/01/2026,SUPER CLEARING HOUSE Priya Retail Supervisor PAY-20260109-EMP-PRIYA-RETAIL-SUP,128.23,,180169.55,SUPER,SUPER-PAY-20260109-EMP-PRIYA-RETAIL-SUP
099999123452,09/01/2026,SUPER CLEARING HOUSE Marco Hospitality Casual PAY-20260109-EMP-MARCO-HOSP-CASUAL,54.29,,180115.26,SUPER,SUPER-PAY-20260109-EMP-MARCO-HOSP-CASUAL
099999123452,09/01/2026,SUPER CLEARING HOUSE Hana Cafe Part-time PAY-20260109-EMP-HANA-CAFE-PARTTIME,62.04,,180053.22,SUPER,SUPER-PAY-20260109-EMP-HANA-CAFE-PARTTIME
099999123452,09/01/2026,PAYROLL NET WAGE Riley Retail Casual PAY-20260109-EMP-RILEY-RETAIL-CASUAL,737.75,,179315.47,PAYROLL,PAYNET-PAY-20260109-EMP-RILEY-RETAIL-CASUAL
099999123452,09/01/2026,PAYROLL NET WAGE Priya Retail Supervisor PAY-20260109-EMP-PRIYA-RETAIL-SUP,883.70,,178431.77,PAYROLL,PAYNET-PAY-20260109-EMP-PRIYA-RETAIL-SUP
099999123452,09/01/2026,PAYROLL NET WAGE Marco Hospitality Casual PAY-20260109-EMP-MARCO-HOSP-CASUAL,438.38,,177993.39,PAYROLL,PAYNET-PAY-20260109-EMP-MARCO-HOSP-CASUAL
099999123452,09/01/2026,PAYROLL NET WAGE Hana Cafe Part-time PAY-20260109-EMP-HANA-CAFE-PARTTIME,491.00,,177502.39,PAYROLL,PAYNET-PAY-20260109-EMP-HANA-CAFE-PARTTIME
099999123452,09/01/2026,PAYG WITHHOLDING REMITTANCE ATO Riley Retail Casual PAY-20260109-EMP-RILEY-RETAIL-CASUAL,92.00,,177410.39,PAYROLL_TAX,PAYG-PAY-20260109-EMP-RILEY-RETAIL-CASUAL
099999123452,09/01/2026,PAYG WITHHOLDING REMITTANCE ATO Priya Retail Supervisor PAY-20260109-EMP-PRIYA-RETAIL-SUP,184.86,,177225.53,PAYROLL_TAX,PAYG-PAY-20260109-EMP-PRIYA-RETAIL-SUP
099999123452,09/01/2026,PAYG WITHHOLDING REMITTANCE ATO Marco Hospitality Casual PAY-20260109-EMP-MARCO-HOSP-CASUAL,14.00,,177211.53,PAYROLL_TAX,PAYG-PAY-20260109-EMP-MARCO-HOSP-CASUAL
099999123452,09/01/2026,PAYG WITHHOLDING REMITTANCE ATO Hana Cafe Part-time PAY-20260109-EMP-HANA-CAFE-PARTTIME,26.00,,177185.53,PAYROLL_TAX,PAYG-PAY-20260109-EMP-HANA-CAFE-PARTTIME
099999123452,03/01/2026,WITHDRAWAL-OSKO PAYMENT Bank BANKFEE-202512,35.00,,180397.35,PAYMENT,BTP-000024
099999123452,02/01/2026,SUPER CLEARING HOUSE Riley Retail Casual PAY-20260102-EMP-RILEY-RETAIL-CASUAL,99.57,,183327.43,SUPER,SUPER-PAY-20260102-EMP-RILEY-RETAIL-CASUAL
099999123452,02/01/2026,SUPER CLEARING HOUSE Priya Retail Supervisor PAY-20260102-EMP-PRIYA-RETAIL-SUP,128.23,,183199.20,SUPER,SUPER-PAY-20260102-EMP-PRIYA-RETAIL-SUP
099999123452,02/01/2026,SUPER CLEARING HOUSE Marco Hospitality Casual PAY-20260102-EMP-MARCO-HOSP-CASUAL,31.02,,183168.18,SUPER,SUPER-PAY-20260102-EMP-MARCO-HOSP-CASUAL
099999123452,02/01/2026,SUPER CLEARING HOUSE Hana Cafe Part-time PAY-20260102-EMP-HANA-CAFE-PARTTIME,62.04,,183106.14,SUPER,SUPER-PAY-20260102-EMP-HANA-CAFE-PARTTIME
099999123452,02/01/2026,PAYROLL NET WAGE Riley Retail Casual PAY-20260102-EMP-RILEY-RETAIL-CASUAL,737.75,,182368.39,PAYROLL,PAYNET-PAY-20260102-EMP-RILEY-RETAIL-CASUAL
099999123452,02/01/2026,PAYROLL NET WAGE Priya Retail Supervisor PAY-20260102-EMP-PRIYA-RETAIL-SUP,883.70,,181484.69,PAYROLL,PAYNET-PAY-20260102-EMP-PRIYA-RETAIL-SUP
099999123452,02/01/2026,PAYROLL NET WAGE Marco Hospitality Casual PAY-20260102-EMP-MARCO-HOSP-CASUAL,258.48,,181226.21,PAYROLL,PAYNET-PAY-20260102-EMP-MARCO-HOSP-CASUAL
099999123452,02/01/2026,PAYROLL NET WAGE Hana Cafe Part-time PAY-20260102-EMP-HANA-CAFE-PARTTIME,491.00,,180735.21,PAYROLL,PAYNET-PAY-20260102-EMP-HANA-CAFE-PARTTIME
099999123452,02/01/2026,PAYG WITHHOLDING REMITTANCE ATO Riley Retail Casual PAY-20260102-EMP-RILEY-RETAIL-CASUAL,92.00,,180643.21,PAYROLL_TAX,PAYG-PAY-20260102-EMP-RILEY-RETAIL-CASUAL
099999123452,02/01/2026,PAYG WITHHOLDING REMITTANCE ATO Priya Retail Supervisor PAY-20260102-EMP-PRIYA-RETAIL-SUP,184.86,,180458.35,PAYROLL_TAX,PAYG-PAY-20260102-EMP-PRIYA-RETAIL-SUP
099999123452,02/01/2026,PAYG WITHHOLDING REMITTANCE ATO Hana Cafe Part-time PAY-20260102-EMP-HANA-CAFE-PARTTIME,26.00,,180432.35,PAYROLL_TAX,PAYG-PAY-20260102-EMP-HANA-CAFE-PARTTIME
099999123452,26/12/2025,SUPER CLEARING HOUSE Riley Retail Casual PAY-20251226-EMP-RILEY-RETAIL-CASUAL,99.57,,186611.62,SUPER,SUPER-PAY-20251226-EMP-RILEY-RETAIL-CASUAL
099999123452,26/12/2025,SUPER CLEARING HOUSE Priya Retail Supervisor PAY-20251226-EMP-PRIYA-RETAIL-SUP,128.23,,186483.39,SUPER,SUPER-PAY-20251226-EMP-PRIYA-RETAIL-SUP
099999123452,26/12/2025,SUPER CLEARING HOUSE Marco Hospitality Casual PAY-20251226-EMP-MARCO-HOSP-CASUAL,62.04,,186421.35,SUPER,SUPER-PAY-20251226-EMP-MARCO-HOSP-CASUAL
099999123452,26/12/2025,SUPER CLEARING HOUSE Hana Cafe Part-time PAY-20251226-EMP-HANA-CAFE-PARTTIME,62.04,,186359.31,SUPER,SUPER-PAY-20251226-EMP-HANA-CAFE-PARTTIME
099999123452,26/12/2025,PAYROLL NET WAGE Riley Retail Casual PAY-20251226-EMP-RILEY-RETAIL-CASUAL,737.75,,185621.56,PAYROLL,PAYNET-PAY-20251226-EMP-RILEY-RETAIL-CASUAL
099999123452,26/12/2025,PAYROLL NET WAGE Priya Retail Supervisor PAY-20251226-EMP-PRIYA-RETAIL-SUP,883.70,,184737.86,PAYROLL,PAYNET-PAY-20251226-EMP-PRIYA-RETAIL-SUP
099999123452,26/12/2025,PAYROLL NET WAGE Marco Hospitality Casual PAY-20251226-EMP-MARCO-HOSP-CASUAL,491.00,,184246.86,PAYROLL,PAYNET-PAY-20251226-EMP-MARCO-HOSP-CASUAL
099999123452,26/12/2025,PAYROLL NET WAGE Hana Cafe Part-time PAY-20251226-EMP-HANA-CAFE-PARTTIME,491.00,,183755.86,PAYROLL,PAYNET-PAY-20251226-EMP-HANA-CAFE-PARTTIME
099999123452,26/12/2025,PAYG WITHHOLDING REMITTANCE ATO Riley Retail Casual PAY-20251226-EMP-RILEY-RETAIL-CASUAL,92.00,,183663.86,PAYROLL_TAX,PAYG-PAY-20251226-EMP-RILEY-RETAIL-CASUAL
099999123452,26/12/2025,PAYG WITHHOLDING REMITTANCE ATO Priya Retail Supervisor PAY-20251226-EMP-PRIYA-RETAIL-SUP,184.86,,183479.00,PAYROLL_TAX,PAYG-PAY-20251226-EMP-PRIYA-RETAIL-SUP
099999123452,26/12/2025,PAYG WITHHOLDING REMITTANCE ATO Marco Hospitality Casual PAY-20251226-EMP-MARCO-HOSP-CASUAL,26.00,,183453.00,PAYROLL_TAX,PAYG-PAY-20251226-EMP-MARCO-HOSP-CASUAL
099999123452,26/12/2025,PAYG WITHHOLDING REMITTANCE ATO Hana Cafe Part-time PAY-20251226-EMP-HANA-CAFE-PARTTIME,26.00,,183427.00,PAYROLL_TAX,PAYG-PAY-20251226-EMP-HANA-CAFE-PARTTIME
099999123452,25/12/2025,WITHDRAWAL-OSKO PAYMENT Peak Local Marketing Pty Ltd CONTRACT-202512,1980.00,,186711.19,PAYMENT,BTP-000023
099999123452,22/12/2025,WITHDRAWAL-OSKO PAYMENT Cloud Software Vendors SOFT-202512,1045.00,,188691.19,PAYMENT,BTP-000022
099999123452,19/12/2025,SUPER CLEARING HOUSE Riley Retail Casual PAY-20251219-EMP-RILEY-RETAIL-CASUAL,99.57,,192631.27,SUPER,SUPER-PAY-20251219-EMP-RILEY-RETAIL-CASUAL
099999123452,19/12/2025,SUPER CLEARING HOUSE Priya Retail Supervisor PAY-20251219-EMP-PRIYA-RETAIL-SUP,128.23,,192503.04,SUPER,SUPER-PAY-20251219-EMP-PRIYA-RETAIL-SUP
099999123452,19/12/2025,SUPER CLEARING HOUSE Marco Hospitality Casual PAY-20251219-EMP-MARCO-HOSP-CASUAL,31.02,,192472.02,SUPER,SUPER-PAY-20251219-EMP-MARCO-HOSP-CASUAL
099999123452,19/12/2025,SUPER CLEARING HOUSE Hana Cafe Part-time PAY-20251219-EMP-HANA-CAFE-PARTTIME,62.04,,192409.98,SUPER,SUPER-PAY-20251219-EMP-HANA-CAFE-PARTTIME
099999123452,19/12/2025,PAYROLL NET WAGE Riley Retail Casual PAY-20251219-EMP-RILEY-RETAIL-CASUAL,737.75,,191672.23,PAYROLL,PAYNET-PAY-20251219-EMP-RILEY-RETAIL-CASUAL
099999123452,19/12/2025,PAYROLL NET WAGE Priya Retail Supervisor PAY-20251219-EMP-PRIYA-RETAIL-SUP,883.70,,190788.53,PAYROLL,PAYNET-PAY-20251219-EMP-PRIYA-RETAIL-SUP
099999123452,19/12/2025,PAYROLL NET WAGE Marco Hospitality Casual PAY-20251219-EMP-MARCO-HOSP-CASUAL,258.48,,190530.05,PAYROLL,PAYNET-PAY-20251219-EMP-MARCO-HOSP-CASUAL
099999123452,19/12/2025,PAYROLL NET WAGE Hana Cafe Part-time PAY-20251219-EMP-HANA-CAFE-PARTTIME,491.00,,190039.05,PAYROLL,PAYNET-PAY-20251219-EMP-HANA-CAFE-PARTTIME
099999123452,19/12/2025,PAYG WITHHOLDING REMITTANCE ATO Riley Retail Casual PAY-20251219-EMP-RILEY-RETAIL-CASUAL,92.00,,189947.05,PAYROLL_TAX,PAYG-PAY-20251219-EMP-RILEY-RETAIL-CASUAL
099999123452,19/12/2025,PAYG WITHHOLDING REMITTANCE ATO Priya Retail Supervisor PAY-20251219-EMP-PRIYA-RETAIL-SUP,184.86,,189762.19,PAYROLL_TAX,PAYG-PAY-20251219-EMP-PRIYA-RETAIL-SUP
099999123452,19/12/2025,PAYG WITHHOLDING REMITTANCE ATO Hana Cafe Part-time PAY-20251219-EMP-HANA-CAFE-PARTTIME,26.00,,189736.19,PAYROLL_TAX,PAYG-PAY-20251219-EMP-HANA-CAFE-PARTTIME
099999123452,18/12/2025,DEPOSIT OSKO PAYMENT Retail Client A INV-006,,47850.00,192730.84,DEP,BTR-000006
099999123452,16/12/2025,WITHDRAWAL-OSKO PAYMENT Harbour Property Trust RENT-202512,8580.00,,144880.84,PAYMENT,BTP-000021
099999123452,12/12/2025,SUPER CLEARING HOUSE Riley Retail Casual PAY-20251212-EMP-RILEY-RETAIL-CASUAL,99.57,,156573.09,SUPER,SUPER-PAY-20251212-EMP-RILEY-RETAIL-CASUAL
099999123452,12/12/2025,SUPER CLEARING HOUSE Priya Retail Supervisor PAY-20251212-EMP-PRIYA-RETAIL-SUP,128.23,,156444.86,SUPER,SUPER-PAY-20251212-EMP-PRIYA-RETAIL-SUP
099999123452,12/12/2025,SUPER CLEARING HOUSE Marco Hospitality Casual PAY-20251212-EMP-MARCO-HOSP-CASUAL,54.29,,156390.57,SUPER,SUPER-PAY-20251212-EMP-MARCO-HOSP-CASUAL
099999123452,12/12/2025,SUPER CLEARING HOUSE Hana Cafe Part-time PAY-20251212-EMP-HANA-CAFE-PARTTIME,62.04,,156328.53,SUPER,SUPER-PAY-20251212-EMP-HANA-CAFE-PARTTIME
099999123452,12/12/2025,PAYROLL NET WAGE Riley Retail Casual PAY-20251212-EMP-RILEY-RETAIL-CASUAL,737.75,,155590.78,PAYROLL,PAYNET-PAY-20251212-EMP-RILEY-RETAIL-CASUAL
099999123452,12/12/2025,PAYROLL NET WAGE Priya Retail Supervisor PAY-20251212-EMP-PRIYA-RETAIL-SUP,883.70,,154707.08,PAYROLL,PAYNET-PAY-20251212-EMP-PRIYA-RETAIL-SUP
099999123452,12/12/2025,PAYROLL NET WAGE Marco Hospitality Casual PAY-20251212-EMP-MARCO-HOSP-CASUAL,438.38,,154268.70,PAYROLL,PAYNET-PAY-20251212-EMP-MARCO-HOSP-CASUAL
099999123452,12/12/2025,PAYROLL NET WAGE Hana Cafe Part-time PAY-20251212-EMP-HANA-CAFE-PARTTIME,491.00,,153777.70,PAYROLL,PAYNET-PAY-20251212-EMP-HANA-CAFE-PARTTIME
099999123452,12/12/2025,PAYG WITHHOLDING REMITTANCE ATO Riley Retail Casual PAY-20251212-EMP-RILEY-RETAIL-CASUAL,92.00,,153685.70,PAYROLL_TAX,PAYG-PAY-20251212-EMP-RILEY-RETAIL-CASUAL
099999123452,12/12/2025,PAYG WITHHOLDING REMITTANCE ATO Priya Retail Supervisor PAY-20251212-EMP-PRIYA-RETAIL-SUP,184.86,,153500.84,PAYROLL_TAX,PAYG-PAY-20251212-EMP-PRIYA-RETAIL-SUP
099999123452,12/12/2025,PAYG WITHHOLDING REMITTANCE ATO Marco Hospitality Casual PAY-20251212-EMP-MARCO-HOSP-CASUAL,14.00,,153486.84,PAYROLL_TAX,PAYG-PAY-20251212-EMP-MARCO-HOSP-CASUAL
099999123452,12/12/2025,PAYG WITHHOLDING REMITTANCE ATO Hana Cafe Part-time PAY-20251212-EMP-HANA-CAFE-PARTTIME,26.00,,153460.84,PAYROLL_TAX,PAYG-PAY-20251212-EMP-HANA-CAFE-PARTTIME
099999123452,05/12/2025,SUPER CLEARING HOUSE Riley Retail Casual PAY-20251205-EMP-RILEY-RETAIL-CASUAL,99.57,,159567.74,SUPER,SUPER-PAY-20251205-EMP-RILEY-RETAIL-CASUAL
099999123452,05/12/2025,SUPER CLEARING HOUSE Priya Retail Supervisor PAY-20251205-EMP-PRIYA-RETAIL-SUP,128.23,,159439.51,SUPER,SUPER-PAY-20251205-EMP-PRIYA-RETAIL-SUP
099999123452,05/12/2025,SUPER CLEARING HOUSE Marco Hospitality Casual PAY-20251205-EMP-MARCO-HOSP-CASUAL,31.02,,159408.49,SUPER,SUPER-PAY-20251205-EMP-MARCO-HOSP-CASUAL
099999123452,05/12/2025,SUPER CLEARING HOUSE Hana Cafe Part-time PAY-20251205-EMP-HANA-CAFE-PARTTIME,62.04,,159346.45,SUPER,SUPER-PAY-20251205-EMP-HANA-CAFE-PARTTIME
099999123452,05/12/2025,PAYROLL NET WAGE Riley Retail Casual PAY-20251205-EMP-RILEY-RETAIL-CASUAL,737.75,,158608.70,PAYROLL,PAYNET-PAY-20251205-EMP-RILEY-RETAIL-CASUAL
099999123452,05/12/2025,PAYROLL NET WAGE Priya Retail Supervisor PAY-20251205-EMP-PRIYA-RETAIL-SUP,883.70,,157725.00,PAYROLL,PAYNET-PAY-20251205-EMP-PRIYA-RETAIL-SUP
099999123452,05/12/2025,PAYROLL NET WAGE Marco Hospitality Casual PAY-20251205-EMP-MARCO-HOSP-CASUAL,258.48,,157466.52,PAYROLL,PAYNET-PAY-20251205-EMP-MARCO-HOSP-CASUAL
099999123452,05/12/2025,PAYROLL NET WAGE Hana Cafe Part-time PAY-20251205-EMP-HANA-CAFE-PARTTIME,491.00,,156975.52,PAYROLL,PAYNET-PAY-20251205-EMP-HANA-CAFE-PARTTIME
099999123452,05/12/2025,PAYG WITHHOLDING REMITTANCE ATO Riley Retail Casual PAY-20251205-EMP-RILEY-RETAIL-CASUAL,92.00,,156883.52,PAYROLL_TAX,PAYG-PAY-20251205-EMP-RILEY-RETAIL-CASUAL
099999123452,05/12/2025,PAYG WITHHOLDING REMITTANCE ATO Priya Retail Supervisor PAY-20251205-EMP-PRIYA-RETAIL-SUP,184.86,,156698.66,PAYROLL_TAX,PAYG-PAY-20251205-EMP-PRIYA-RETAIL-SUP
099999123452,05/12/2025,PAYG WITHHOLDING REMITTANCE ATO Hana Cafe Part-time PAY-20251205-EMP-HANA-CAFE-PARTTIME,26.00,,156672.66,PAYROLL_TAX,PAYG-PAY-20251205-EMP-HANA-CAFE-PARTTIME
099999123452,04/12/2025,WITHDRAWAL-OSKO PAYMENT Bank BANKFEE-202511,35.00,,159667.31,PAYMENT,BTP-000020
099999123452,28/11/2025,SUPER CLEARING HOUSE Riley Retail Casual PAY-20251128-EMP-RILEY-RETAIL-CASUAL,99.57,,162597.39,SUPER,SUPER-PAY-20251128-EMP-RILEY-RETAIL-CASUAL
099999123452,28/11/2025,SUPER CLEARING HOUSE Priya Retail Supervisor PAY-20251128-EMP-PRIYA-RETAIL-SUP,128.23,,162469.16,SUPER,SUPER-PAY-20251128-EMP-PRIYA-RETAIL-SUP
099999123452,28/11/2025,SUPER CLEARING HOUSE Marco Hospitality Casual PAY-20251128-EMP-MARCO-HOSP-CASUAL,31.02,,162438.14,SUPER,SUPER-PAY-20251128-EMP-MARCO-HOSP-CASUAL
099999123452,28/11/2025,SUPER CLEARING HOUSE Hana Cafe Part-time PAY-20251128-EMP-HANA-CAFE-PARTTIME,62.04,,162376.10,SUPER,SUPER-PAY-20251128-EMP-HANA-CAFE-PARTTIME
099999123452,28/11/2025,PAYROLL NET WAGE Riley Retail Casual PAY-20251128-EMP-RILEY-RETAIL-CASUAL,737.75,,161638.35,PAYROLL,PAYNET-PAY-20251128-EMP-RILEY-RETAIL-CASUAL
099999123452,28/11/2025,PAYROLL NET WAGE Priya Retail Supervisor PAY-20251128-EMP-PRIYA-RETAIL-SUP,883.70,,160754.65,PAYROLL,PAYNET-PAY-20251128-EMP-PRIYA-RETAIL-SUP
099999123452,28/11/2025,PAYROLL NET WAGE Marco Hospitality Casual PAY-20251128-EMP-MARCO-HOSP-CASUAL,258.48,,160496.17,PAYROLL,PAYNET-PAY-20251128-EMP-MARCO-HOSP-CASUAL
099999123452,28/11/2025,PAYROLL NET WAGE Hana Cafe Part-time PAY-20251128-EMP-HANA-CAFE-PARTTIME,491.00,,160005.17,PAYROLL,PAYNET-PAY-20251128-EMP-HANA-CAFE-PARTTIME
099999123452,28/11/2025,PAYG WITHHOLDING REMITTANCE ATO Riley Retail Casual PAY-20251128-EMP-RILEY-RETAIL-CASUAL,92.00,,159913.17,PAYROLL_TAX,PAYG-PAY-20251128-EMP-RILEY-RETAIL-CASUAL
099999123452,28/11/2025,PAYG WITHHOLDING REMITTANCE ATO Priya Retail Supervisor PAY-20251128-EMP-PRIYA-RETAIL-SUP,184.86,,159728.31,PAYROLL_TAX,PAYG-PAY-20251128-EMP-PRIYA-RETAIL-SUP
099999123452,28/11/2025,PAYG WITHHOLDING REMITTANCE ATO Hana Cafe Part-time PAY-20251128-EMP-HANA-CAFE-PARTTIME,26.00,,159702.31,PAYROLL_TAX,PAYG-PAY-20251128-EMP-HANA-CAFE-PARTTIME
099999123452,25/11/2025,WITHDRAWAL-OSKO PAYMENT Peak Local Marketing Pty Ltd CONTRACT-202511,1980.00,,162696.96,PAYMENT,BTP-000019
099999123452,22/11/2025,WITHDRAWAL-OSKO PAYMENT Cloud Software Vendors SOFT-202511,1045.00,,164676.96,PAYMENT,BTP-000018
099999123452,21/11/2025,SUPER CLEARING HOUSE Riley Retail Casual PAY-20251121-EMP-RILEY-RETAIL-CASUAL,99.57,,168617.04,SUPER,SUPER-PAY-20251121-EMP-RILEY-RETAIL-CASUAL
099999123452,21/11/2025,SUPER CLEARING HOUSE Priya Retail Supervisor PAY-20251121-EMP-PRIYA-RETAIL-SUP,128.23,,168488.81,SUPER,SUPER-PAY-20251121-EMP-PRIYA-RETAIL-SUP
099999123452,21/11/2025,SUPER CLEARING HOUSE Marco Hospitality Casual PAY-20251121-EMP-MARCO-HOSP-CASUAL,31.02,,168457.79,SUPER,SUPER-PAY-20251121-EMP-MARCO-HOSP-CASUAL
099999123452,21/11/2025,SUPER CLEARING HOUSE Hana Cafe Part-time PAY-20251121-EMP-HANA-CAFE-PARTTIME,62.04,,168395.75,SUPER,SUPER-PAY-20251121-EMP-HANA-CAFE-PARTTIME
099999123452,21/11/2025,PAYROLL NET WAGE Riley Retail Casual PAY-20251121-EMP-RILEY-RETAIL-CASUAL,737.75,,167658.00,PAYROLL,PAYNET-PAY-20251121-EMP-RILEY-RETAIL-CASUAL
099999123452,21/11/2025,PAYROLL NET WAGE Priya Retail Supervisor PAY-20251121-EMP-PRIYA-RETAIL-SUP,883.70,,166774.30,PAYROLL,PAYNET-PAY-20251121-EMP-PRIYA-RETAIL-SUP
099999123452,21/11/2025,PAYROLL NET WAGE Marco Hospitality Casual PAY-20251121-EMP-MARCO-HOSP-CASUAL,258.48,,166515.82,PAYROLL,PAYNET-PAY-20251121-EMP-MARCO-HOSP-CASUAL
099999123452,21/11/2025,PAYROLL NET WAGE Hana Cafe Part-time PAY-20251121-EMP-HANA-CAFE-PARTTIME,491.00,,166024.82,PAYROLL,PAYNET-PAY-20251121-EMP-HANA-CAFE-PARTTIME
099999123452,21/11/2025,PAYG WITHHOLDING REMITTANCE ATO Riley Retail Casual PAY-20251121-EMP-RILEY-RETAIL-CASUAL,92.00,,165932.82,PAYROLL_TAX,PAYG-PAY-20251121-EMP-RILEY-RETAIL-CASUAL
099999123452,21/11/2025,PAYG WITHHOLDING REMITTANCE ATO Priya Retail Supervisor PAY-20251121-EMP-PRIYA-RETAIL-SUP,184.86,,165747.96,PAYROLL_TAX,PAYG-PAY-20251121-EMP-PRIYA-RETAIL-SUP
099999123452,21/11/2025,PAYG WITHHOLDING REMITTANCE ATO Hana Cafe Part-time PAY-20251121-EMP-HANA-CAFE-PARTTIME,26.00,,165721.96,PAYROLL_TAX,PAYG-PAY-20251121-EMP-HANA-CAFE-PARTTIME
099999123452,18/11/2025,DEPOSIT OSKO PAYMENT Retail Client C INV-005,,47575.00,168716.61,DEP,BTR-000005
099999123452,16/11/2025,WITHDRAWAL-OSKO PAYMENT Harbour Property Trust RENT-202511,8580.00,,121141.61,PAYMENT,BTP-000017
099999123452,14/11/2025,SUPER CLEARING HOUSE Riley Retail Casual PAY-20251114-EMP-RILEY-RETAIL-CASUAL,99.57,,132833.86,SUPER,SUPER-PAY-20251114-EMP-RILEY-RETAIL-CASUAL
099999123452,14/11/2025,SUPER CLEARING HOUSE Priya Retail Supervisor PAY-20251114-EMP-PRIYA-RETAIL-SUP,128.23,,132705.63,SUPER,SUPER-PAY-20251114-EMP-PRIYA-RETAIL-SUP
099999123452,14/11/2025,SUPER CLEARING HOUSE Marco Hospitality Casual PAY-20251114-EMP-MARCO-HOSP-CASUAL,54.29,,132651.34,SUPER,SUPER-PAY-20251114-EMP-MARCO-HOSP-CASUAL
099999123452,14/11/2025,SUPER CLEARING HOUSE Hana Cafe Part-time PAY-20251114-EMP-HANA-CAFE-PARTTIME,62.04,,132589.30,SUPER,SUPER-PAY-20251114-EMP-HANA-CAFE-PARTTIME
099999123452,14/11/2025,PAYROLL NET WAGE Riley Retail Casual PAY-20251114-EMP-RILEY-RETAIL-CASUAL,737.75,,131851.55,PAYROLL,PAYNET-PAY-20251114-EMP-RILEY-RETAIL-CASUAL
099999123452,14/11/2025,PAYROLL NET WAGE Priya Retail Supervisor PAY-20251114-EMP-PRIYA-RETAIL-SUP,883.70,,130967.85,PAYROLL,PAYNET-PAY-20251114-EMP-PRIYA-RETAIL-SUP
099999123452,14/11/2025,PAYROLL NET WAGE Marco Hospitality Casual PAY-20251114-EMP-MARCO-HOSP-CASUAL,438.38,,130529.47,PAYROLL,PAYNET-PAY-20251114-EMP-MARCO-HOSP-CASUAL
099999123452,14/11/2025,PAYROLL NET WAGE Hana Cafe Part-time PAY-20251114-EMP-HANA-CAFE-PARTTIME,491.00,,130038.47,PAYROLL,PAYNET-PAY-20251114-EMP-HANA-CAFE-PARTTIME
099999123452,14/11/2025,PAYG WITHHOLDING REMITTANCE ATO Riley Retail Casual PAY-20251114-EMP-RILEY-RETAIL-CASUAL,92.00,,129946.47,PAYROLL_TAX,PAYG-PAY-20251114-EMP-RILEY-RETAIL-CASUAL
099999123452,14/11/2025,PAYG WITHHOLDING REMITTANCE ATO Priya Retail Supervisor PAY-20251114-EMP-PRIYA-RETAIL-SUP,184.86,,129761.61,PAYROLL_TAX,PAYG-PAY-20251114-EMP-PRIYA-RETAIL-SUP
099999123452,14/11/2025,PAYG WITHHOLDING REMITTANCE ATO Marco Hospitality Casual PAY-20251114-EMP-MARCO-HOSP-CASUAL,14.00,,129747.61,PAYROLL_TAX,PAYG-PAY-20251114-EMP-MARCO-HOSP-CASUAL
099999123452,14/11/2025,PAYG WITHHOLDING REMITTANCE ATO Hana Cafe Part-time PAY-20251114-EMP-HANA-CAFE-PARTTIME,26.00,,129721.61,PAYROLL_TAX,PAYG-PAY-20251114-EMP-HANA-CAFE-PARTTIME
099999123452,07/11/2025,SUPER CLEARING HOUSE Riley Retail Casual PAY-20251107-EMP-RILEY-RETAIL-CASUAL,99.57,,135828.51,SUPER,SUPER-PAY-20251107-EMP-RILEY-RETAIL-CASUAL
099999123452,07/11/2025,SUPER CLEARING HOUSE Priya Retail Supervisor PAY-20251107-EMP-PRIYA-RETAIL-SUP,128.23,,135700.28,SUPER,SUPER-PAY-20251107-EMP-PRIYA-RETAIL-SUP
099999123452,07/11/2025,SUPER CLEARING HOUSE Marco Hospitality Casual PAY-20251107-EMP-MARCO-HOSP-CASUAL,31.02,,135669.26,SUPER,SUPER-PAY-20251107-EMP-MARCO-HOSP-CASUAL
099999123452,07/11/2025,SUPER CLEARING HOUSE Hana Cafe Part-time PAY-20251107-EMP-HANA-CAFE-PARTTIME,62.04,,135607.22,SUPER,SUPER-PAY-20251107-EMP-HANA-CAFE-PARTTIME
099999123452,07/11/2025,PAYROLL NET WAGE Riley Retail Casual PAY-20251107-EMP-RILEY-RETAIL-CASUAL,737.75,,134869.47,PAYROLL,PAYNET-PAY-20251107-EMP-RILEY-RETAIL-CASUAL
099999123452,07/11/2025,PAYROLL NET WAGE Priya Retail Supervisor PAY-20251107-EMP-PRIYA-RETAIL-SUP,883.70,,133985.77,PAYROLL,PAYNET-PAY-20251107-EMP-PRIYA-RETAIL-SUP
099999123452,07/11/2025,PAYROLL NET WAGE Marco Hospitality Casual PAY-20251107-EMP-MARCO-HOSP-CASUAL,258.48,,133727.29,PAYROLL,PAYNET-PAY-20251107-EMP-MARCO-HOSP-CASUAL
099999123452,07/11/2025,PAYROLL NET WAGE Hana Cafe Part-time PAY-20251107-EMP-HANA-CAFE-PARTTIME,491.00,,133236.29,PAYROLL,PAYNET-PAY-20251107-EMP-HANA-CAFE-PARTTIME
099999123452,07/11/2025,PAYG WITHHOLDING REMITTANCE ATO Riley Retail Casual PAY-20251107-EMP-RILEY-RETAIL-CASUAL,92.00,,133144.29,PAYROLL_TAX,PAYG-PAY-20251107-EMP-RILEY-RETAIL-CASUAL
099999123452,07/11/2025,PAYG WITHHOLDING REMITTANCE ATO Priya Retail Supervisor PAY-20251107-EMP-PRIYA-RETAIL-SUP,184.86,,132959.43,PAYROLL_TAX,PAYG-PAY-20251107-EMP-PRIYA-RETAIL-SUP
099999123452,07/11/2025,PAYG WITHHOLDING REMITTANCE ATO Hana Cafe Part-time PAY-20251107-EMP-HANA-CAFE-PARTTIME,26.00,,132933.43,PAYROLL_TAX,PAYG-PAY-20251107-EMP-HANA-CAFE-PARTTIME
099999123452,03/11/2025,WITHDRAWAL-OSKO PAYMENT Bank BANKFEE-202510,35.00,,135928.08,PAYMENT,BTP-000016
099999123452,31/10/2025,SUPER CLEARING HOUSE Riley Retail Casual PAY-20251031-EMP-RILEY-RETAIL-CASUAL,99.57,,138858.16,SUPER,SUPER-PAY-20251031-EMP-RILEY-RETAIL-CASUAL
099999123452,31/10/2025,SUPER CLEARING HOUSE Priya Retail Supervisor PAY-20251031-EMP-PRIYA-RETAIL-SUP,128.23,,138729.93,SUPER,SUPER-PAY-20251031-EMP-PRIYA-RETAIL-SUP
099999123452,31/10/2025,SUPER CLEARING HOUSE Marco Hospitality Casual PAY-20251031-EMP-MARCO-HOSP-CASUAL,31.02,,138698.91,SUPER,SUPER-PAY-20251031-EMP-MARCO-HOSP-CASUAL
099999123452,31/10/2025,SUPER CLEARING HOUSE Hana Cafe Part-time PAY-20251031-EMP-HANA-CAFE-PARTTIME,62.04,,138636.87,SUPER,SUPER-PAY-20251031-EMP-HANA-CAFE-PARTTIME
099999123452,31/10/2025,PAYROLL NET WAGE Riley Retail Casual PAY-20251031-EMP-RILEY-RETAIL-CASUAL,737.75,,137899.12,PAYROLL,PAYNET-PAY-20251031-EMP-RILEY-RETAIL-CASUAL
099999123452,31/10/2025,PAYROLL NET WAGE Priya Retail Supervisor PAY-20251031-EMP-PRIYA-RETAIL-SUP,883.70,,137015.42,PAYROLL,PAYNET-PAY-20251031-EMP-PRIYA-RETAIL-SUP
099999123452,31/10/2025,PAYROLL NET WAGE Marco Hospitality Casual PAY-20251031-EMP-MARCO-HOSP-CASUAL,258.48,,136756.94,PAYROLL,PAYNET-PAY-20251031-EMP-MARCO-HOSP-CASUAL
099999123452,31/10/2025,PAYROLL NET WAGE Hana Cafe Part-time PAY-20251031-EMP-HANA-CAFE-PARTTIME,491.00,,136265.94,PAYROLL,PAYNET-PAY-20251031-EMP-HANA-CAFE-PARTTIME
099999123452,31/10/2025,PAYG WITHHOLDING REMITTANCE ATO Riley Retail Casual PAY-20251031-EMP-RILEY-RETAIL-CASUAL,92.00,,136173.94,PAYROLL_TAX,PAYG-PAY-20251031-EMP-RILEY-RETAIL-CASUAL
099999123452,31/10/2025,PAYG WITHHOLDING REMITTANCE ATO Priya Retail Supervisor PAY-20251031-EMP-PRIYA-RETAIL-SUP,184.86,,135989.08,PAYROLL_TAX,PAYG-PAY-20251031-EMP-PRIYA-RETAIL-SUP
099999123452,31/10/2025,PAYG WITHHOLDING REMITTANCE ATO Hana Cafe Part-time PAY-20251031-EMP-HANA-CAFE-PARTTIME,26.00,,135963.08,PAYROLL_TAX,PAYG-PAY-20251031-EMP-HANA-CAFE-PARTTIME
099999123452,25/10/2025,WITHDRAWAL-OSKO PAYMENT Peak Local Marketing Pty Ltd CONTRACT-202510,1980.00,,138957.73,PAYMENT,BTP-000015
099999123452,24/10/2025,SUPER CLEARING HOUSE Riley Retail Casual PAY-20251024-EMP-RILEY-RETAIL-CASUAL,99.57,,143832.81,SUPER,SUPER-PAY-20251024-EMP-RILEY-RETAIL-CASUAL
099999123452,24/10/2025,SUPER CLEARING HOUSE Priya Retail Supervisor PAY-20251024-EMP-PRIYA-RETAIL-SUP,128.23,,143704.58,SUPER,SUPER-PAY-20251024-EMP-PRIYA-RETAIL-SUP
099999123452,24/10/2025,SUPER CLEARING HOUSE Marco Hospitality Casual PAY-20251024-EMP-MARCO-HOSP-CASUAL,31.02,,143673.56,SUPER,SUPER-PAY-20251024-EMP-MARCO-HOSP-CASUAL
099999123452,24/10/2025,SUPER CLEARING HOUSE Hana Cafe Part-time PAY-20251024-EMP-HANA-CAFE-PARTTIME,62.04,,143611.52,SUPER,SUPER-PAY-20251024-EMP-HANA-CAFE-PARTTIME
099999123452,24/10/2025,PAYROLL NET WAGE Riley Retail Casual PAY-20251024-EMP-RILEY-RETAIL-CASUAL,737.75,,142873.77,PAYROLL,PAYNET-PAY-20251024-EMP-RILEY-RETAIL-CASUAL
099999123452,24/10/2025,PAYROLL NET WAGE Priya Retail Supervisor PAY-20251024-EMP-PRIYA-RETAIL-SUP,883.70,,141990.07,PAYROLL,PAYNET-PAY-20251024-EMP-PRIYA-RETAIL-SUP
099999123452,24/10/2025,PAYROLL NET WAGE Marco Hospitality Casual PAY-20251024-EMP-MARCO-HOSP-CASUAL,258.48,,141731.59,PAYROLL,PAYNET-PAY-20251024-EMP-MARCO-HOSP-CASUAL
099999123452,24/10/2025,PAYROLL NET WAGE Hana Cafe Part-time PAY-20251024-EMP-HANA-CAFE-PARTTIME,491.00,,141240.59,PAYROLL,PAYNET-PAY-20251024-EMP-HANA-CAFE-PARTTIME
099999123452,24/10/2025,PAYG WITHHOLDING REMITTANCE ATO Riley Retail Casual PAY-20251024-EMP-RILEY-RETAIL-CASUAL,92.00,,141148.59,PAYROLL_TAX,PAYG-PAY-20251024-EMP-RILEY-RETAIL-CASUAL
099999123452,24/10/2025,PAYG WITHHOLDING REMITTANCE ATO Priya Retail Supervisor PAY-20251024-EMP-PRIYA-RETAIL-SUP,184.86,,140963.73,PAYROLL_TAX,PAYG-PAY-20251024-EMP-PRIYA-RETAIL-SUP
099999123452,24/10/2025,PAYG WITHHOLDING REMITTANCE ATO Hana Cafe Part-time PAY-20251024-EMP-HANA-CAFE-PARTTIME,26.00,,140937.73,PAYROLL_TAX,PAYG-PAY-20251024-EMP-HANA-CAFE-PARTTIME
099999123452,22/10/2025,WITHDRAWAL-OSKO PAYMENT Cloud Software Vendors SOFT-202510,1045.00,,143932.38,PAYMENT,BTP-000014
099999123452,18/10/2025,DEPOSIT OSKO PAYMENT Retail Client B INV-004,,47300.00,144977.38,DEP,BTR-000004
099999123452,17/10/2025,SUPER CLEARING HOUSE Riley Retail Casual PAY-20251017-EMP-RILEY-RETAIL-CASUAL,99.57,,100789.63,SUPER,SUPER-PAY-20251017-EMP-RILEY-RETAIL-CASUAL
099999123452,17/10/2025,SUPER CLEARING HOUSE Priya Retail Supervisor PAY-20251017-EMP-PRIYA-RETAIL-SUP,128.23,,100661.40,SUPER,SUPER-PAY-20251017-EMP-PRIYA-RETAIL-SUP
099999123452,17/10/2025,SUPER CLEARING HOUSE Marco Hospitality Casual PAY-20251017-EMP-MARCO-HOSP-CASUAL,54.29,,100607.11,SUPER,SUPER-PAY-20251017-EMP-MARCO-HOSP-CASUAL
099999123452,17/10/2025,SUPER CLEARING HOUSE Hana Cafe Part-time PAY-20251017-EMP-HANA-CAFE-PARTTIME,62.04,,100545.07,SUPER,SUPER-PAY-20251017-EMP-HANA-CAFE-PARTTIME
099999123452,17/10/2025,PAYROLL NET WAGE Riley Retail Casual PAY-20251017-EMP-RILEY-RETAIL-CASUAL,737.75,,99807.32,PAYROLL,PAYNET-PAY-20251017-EMP-RILEY-RETAIL-CASUAL
099999123452,17/10/2025,PAYROLL NET WAGE Priya Retail Supervisor PAY-20251017-EMP-PRIYA-RETAIL-SUP,883.70,,98923.62,PAYROLL,PAYNET-PAY-20251017-EMP-PRIYA-RETAIL-SUP
099999123452,17/10/2025,PAYROLL NET WAGE Marco Hospitality Casual PAY-20251017-EMP-MARCO-HOSP-CASUAL,438.38,,98485.24,PAYROLL,PAYNET-PAY-20251017-EMP-MARCO-HOSP-CASUAL
099999123452,17/10/2025,PAYROLL NET WAGE Hana Cafe Part-time PAY-20251017-EMP-HANA-CAFE-PARTTIME,491.00,,97994.24,PAYROLL,PAYNET-PAY-20251017-EMP-HANA-CAFE-PARTTIME
099999123452,17/10/2025,PAYG WITHHOLDING REMITTANCE ATO Riley Retail Casual PAY-20251017-EMP-RILEY-RETAIL-CASUAL,92.00,,97902.24,PAYROLL_TAX,PAYG-PAY-20251017-EMP-RILEY-RETAIL-CASUAL
099999123452,17/10/2025,PAYG WITHHOLDING REMITTANCE ATO Priya Retail Supervisor PAY-20251017-EMP-PRIYA-RETAIL-SUP,184.86,,97717.38,PAYROLL_TAX,PAYG-PAY-20251017-EMP-PRIYA-RETAIL-SUP
099999123452,17/10/2025,PAYG WITHHOLDING REMITTANCE ATO Marco Hospitality Casual PAY-20251017-EMP-MARCO-HOSP-CASUAL,14.00,,97703.38,PAYROLL_TAX,PAYG-PAY-20251017-EMP-MARCO-HOSP-CASUAL
099999123452,17/10/2025,PAYG WITHHOLDING REMITTANCE ATO Hana Cafe Part-time PAY-20251017-EMP-HANA-CAFE-PARTTIME,26.00,,97677.38,PAYROLL_TAX,PAYG-PAY-20251017-EMP-HANA-CAFE-PARTTIME
099999123452,16/10/2025,WITHDRAWAL-OSKO PAYMENT Harbour Property Trust RENT-202510,8580.00,,100889.20,PAYMENT,BTP-000013
099999123452,10/10/2025,SUPER CLEARING HOUSE Riley Retail Casual PAY-20251010-EMP-RILEY-RETAIL-CASUAL,99.57,,112364.28,SUPER,SUPER-PAY-20251010-EMP-RILEY-RETAIL-CASUAL
099999123452,10/10/2025,SUPER CLEARING HOUSE Priya Retail Supervisor PAY-20251010-EMP-PRIYA-RETAIL-SUP,128.23,,112236.05,SUPER,SUPER-PAY-20251010-EMP-PRIYA-RETAIL-SUP
099999123452,10/10/2025,SUPER CLEARING HOUSE Marco Hospitality Casual PAY-20251010-EMP-MARCO-HOSP-CASUAL,31.02,,112205.03,SUPER,SUPER-PAY-20251010-EMP-MARCO-HOSP-CASUAL
099999123452,10/10/2025,SUPER CLEARING HOUSE Hana Cafe Part-time PAY-20251010-EMP-HANA-CAFE-PARTTIME,62.04,,112142.99,SUPER,SUPER-PAY-20251010-EMP-HANA-CAFE-PARTTIME
099999123452,10/10/2025,PAYROLL NET WAGE Riley Retail Casual PAY-20251010-EMP-RILEY-RETAIL-CASUAL,737.75,,111405.24,PAYROLL,PAYNET-PAY-20251010-EMP-RILEY-RETAIL-CASUAL
099999123452,10/10/2025,PAYROLL NET WAGE Priya Retail Supervisor PAY-20251010-EMP-PRIYA-RETAIL-SUP,883.70,,110521.54,PAYROLL,PAYNET-PAY-20251010-EMP-PRIYA-RETAIL-SUP
099999123452,10/10/2025,PAYROLL NET WAGE Marco Hospitality Casual PAY-20251010-EMP-MARCO-HOSP-CASUAL,258.48,,110263.06,PAYROLL,PAYNET-PAY-20251010-EMP-MARCO-HOSP-CASUAL
099999123452,10/10/2025,PAYROLL NET WAGE Hana Cafe Part-time PAY-20251010-EMP-HANA-CAFE-PARTTIME,491.00,,109772.06,PAYROLL,PAYNET-PAY-20251010-EMP-HANA-CAFE-PARTTIME
099999123452,10/10/2025,PAYG WITHHOLDING REMITTANCE ATO Riley Retail Casual PAY-20251010-EMP-RILEY-RETAIL-CASUAL,92.00,,109680.06,PAYROLL_TAX,PAYG-PAY-20251010-EMP-RILEY-RETAIL-CASUAL
099999123452,10/10/2025,PAYG WITHHOLDING REMITTANCE ATO Priya Retail Supervisor PAY-20251010-EMP-PRIYA-RETAIL-SUP,184.86,,109495.20,PAYROLL_TAX,PAYG-PAY-20251010-EMP-PRIYA-RETAIL-SUP
099999123452,10/10/2025,PAYG WITHHOLDING REMITTANCE ATO Hana Cafe Part-time PAY-20251010-EMP-HANA-CAFE-PARTTIME,26.00,,109469.20,PAYROLL_TAX,PAYG-PAY-20251010-EMP-HANA-CAFE-PARTTIME
099999123452,04/10/2025,WITHDRAWAL-OSKO PAYMENT Bank BANKFEE-202509,35.00,,112463.85,PAYMENT,BTP-000012
099999123452,03/10/2025,SUPER CLEARING HOUSE Riley Retail Casual PAY-20251003-EMP-RILEY-RETAIL-CASUAL,99.57,,115393.93,SUPER,SUPER-PAY-20251003-EMP-RILEY-RETAIL-CASUAL
099999123452,03/10/2025,SUPER CLEARING HOUSE Priya Retail Supervisor PAY-20251003-EMP-PRIYA-RETAIL-SUP,128.23,,115265.70,SUPER,SUPER-PAY-20251003-EMP-PRIYA-RETAIL-SUP
099999123452,03/10/2025,SUPER CLEARING HOUSE Marco Hospitality Casual PAY-20251003-EMP-MARCO-HOSP-CASUAL,31.02,,115234.68,SUPER,SUPER-PAY-20251003-EMP-MARCO-HOSP-CASUAL
099999123452,03/10/2025,SUPER CLEARING HOUSE Hana Cafe Part-time PAY-20251003-EMP-HANA-CAFE-PARTTIME,62.04,,115172.64,SUPER,SUPER-PAY-20251003-EMP-HANA-CAFE-PARTTIME
099999123452,03/10/2025,PAYROLL NET WAGE Riley Retail Casual PAY-20251003-EMP-RILEY-RETAIL-CASUAL,737.75,,114434.89,PAYROLL,PAYNET-PAY-20251003-EMP-RILEY-RETAIL-CASUAL
099999123452,03/10/2025,PAYROLL NET WAGE Priya Retail Supervisor PAY-20251003-EMP-PRIYA-RETAIL-SUP,883.70,,113551.19,PAYROLL,PAYNET-PAY-20251003-EMP-PRIYA-RETAIL-SUP
099999123452,03/10/2025,PAYROLL NET WAGE Marco Hospitality Casual PAY-20251003-EMP-MARCO-HOSP-CASUAL,258.48,,113292.71,PAYROLL,PAYNET-PAY-20251003-EMP-MARCO-HOSP-CASUAL
099999123452,03/10/2025,PAYROLL NET WAGE Hana Cafe Part-time PAY-20251003-EMP-HANA-CAFE-PARTTIME,491.00,,112801.71,PAYROLL,PAYNET-PAY-20251003-EMP-HANA-CAFE-PARTTIME
099999123452,03/10/2025,PAYG WITHHOLDING REMITTANCE ATO Riley Retail Casual PAY-20251003-EMP-RILEY-RETAIL-CASUAL,92.00,,112709.71,PAYROLL_TAX,PAYG-PAY-20251003-EMP-RILEY-RETAIL-CASUAL
099999123452,03/10/2025,PAYG WITHHOLDING REMITTANCE ATO Priya Retail Supervisor PAY-20251003-EMP-PRIYA-RETAIL-SUP,184.86,,112524.85,PAYROLL_TAX,PAYG-PAY-20251003-EMP-PRIYA-RETAIL-SUP
099999123452,03/10/2025,PAYG WITHHOLDING REMITTANCE ATO Hana Cafe Part-time PAY-20251003-EMP-HANA-CAFE-PARTTIME,26.00,,112498.85,PAYROLL_TAX,PAYG-PAY-20251003-EMP-HANA-CAFE-PARTTIME
099999123452,26/09/2025,SUPER CLEARING HOUSE Riley Retail Casual PAY-20250926-EMP-RILEY-RETAIL-CASUAL,99.57,,118678.12,SUPER,SUPER-PAY-20250926-EMP-RILEY-RETAIL-CASUAL
099999123452,26/09/2025,SUPER CLEARING HOUSE Priya Retail Supervisor PAY-20250926-EMP-PRIYA-RETAIL-SUP,128.23,,118549.89,SUPER,SUPER-PAY-20250926-EMP-PRIYA-RETAIL-SUP
099999123452,26/09/2025,SUPER CLEARING HOUSE Marco Hospitality Casual PAY-20250926-EMP-MARCO-HOSP-CASUAL,62.04,,118487.85,SUPER,SUPER-PAY-20250926-EMP-MARCO-HOSP-CASUAL
099999123452,26/09/2025,SUPER CLEARING HOUSE Hana Cafe Part-time PAY-20250926-EMP-HANA-CAFE-PARTTIME,62.04,,118425.81,SUPER,SUPER-PAY-20250926-EMP-HANA-CAFE-PARTTIME
099999123452,26/09/2025,PAYROLL NET WAGE Riley Retail Casual PAY-20250926-EMP-RILEY-RETAIL-CASUAL,737.75,,117688.06,PAYROLL,PAYNET-PAY-20250926-EMP-RILEY-RETAIL-CASUAL
099999123452,26/09/2025,PAYROLL NET WAGE Priya Retail Supervisor PAY-20250926-EMP-PRIYA-RETAIL-SUP,883.70,,116804.36,PAYROLL,PAYNET-PAY-20250926-EMP-PRIYA-RETAIL-SUP
099999123452,26/09/2025,PAYROLL NET WAGE Marco Hospitality Casual PAY-20250926-EMP-MARCO-HOSP-CASUAL,491.00,,116313.36,PAYROLL,PAYNET-PAY-20250926-EMP-MARCO-HOSP-CASUAL
099999123452,26/09/2025,PAYROLL NET WAGE Hana Cafe Part-time PAY-20250926-EMP-HANA-CAFE-PARTTIME,491.00,,115822.36,PAYROLL,PAYNET-PAY-20250926-EMP-HANA-CAFE-PARTTIME
099999123452,26/09/2025,PAYG WITHHOLDING REMITTANCE ATO Riley Retail Casual PAY-20250926-EMP-RILEY-RETAIL-CASUAL,92.00,,115730.36,PAYROLL_TAX,PAYG-PAY-20250926-EMP-RILEY-RETAIL-CASUAL
099999123452,26/09/2025,PAYG WITHHOLDING REMITTANCE ATO Priya Retail Supervisor PAY-20250926-EMP-PRIYA-RETAIL-SUP,184.86,,115545.50,PAYROLL_TAX,PAYG-PAY-20250926-EMP-PRIYA-RETAIL-SUP
099999123452,26/09/2025,PAYG WITHHOLDING REMITTANCE ATO Marco Hospitality Casual PAY-20250926-EMP-MARCO-HOSP-CASUAL,26.00,,115519.50,PAYROLL_TAX,PAYG-PAY-20250926-EMP-MARCO-HOSP-CASUAL
099999123452,26/09/2025,PAYG WITHHOLDING REMITTANCE ATO Hana Cafe Part-time PAY-20250926-EMP-HANA-CAFE-PARTTIME,26.00,,115493.50,PAYROLL_TAX,PAYG-PAY-20250926-EMP-HANA-CAFE-PARTTIME
099999123452,25/09/2025,WITHDRAWAL-OSKO PAYMENT Peak Local Marketing Pty Ltd CONTRACT-202509,1980.00,,118777.69,PAYMENT,BTP-000011
099999123452,22/09/2025,WITHDRAWAL-OSKO PAYMENT Cloud Software Vendors SOFT-202509,1045.00,,120757.69,PAYMENT,BTP-000010
099999123452,19/09/2025,SUPER CLEARING HOUSE Riley Retail Casual PAY-20250919-EMP-RILEY-RETAIL-CASUAL,99.57,,124914.94,SUPER,SUPER-PAY-20250919-EMP-RILEY-RETAIL-CASUAL
099999123452,19/09/2025,SUPER CLEARING HOUSE Priya Retail Supervisor PAY-20250919-EMP-PRIYA-RETAIL-SUP,128.23,,124786.71,SUPER,SUPER-PAY-20250919-EMP-PRIYA-RETAIL-SUP
099999123452,19/09/2025,SUPER CLEARING HOUSE Marco Hospitality Casual PAY-20250919-EMP-MARCO-HOSP-CASUAL,54.29,,124732.42,SUPER,SUPER-PAY-20250919-EMP-MARCO-HOSP-CASUAL
099999123452,19/09/2025,SUPER CLEARING HOUSE Hana Cafe Part-time PAY-20250919-EMP-HANA-CAFE-PARTTIME,62.04,,124670.38,SUPER,SUPER-PAY-20250919-EMP-HANA-CAFE-PARTTIME
099999123452,19/09/2025,PAYROLL NET WAGE Riley Retail Casual PAY-20250919-EMP-RILEY-RETAIL-CASUAL,737.75,,123932.63,PAYROLL,PAYNET-PAY-20250919-EMP-RILEY-RETAIL-CASUAL
099999123452,19/09/2025,PAYROLL NET WAGE Priya Retail Supervisor PAY-20250919-EMP-PRIYA-RETAIL-SUP,883.70,,123048.93,PAYROLL,PAYNET-PAY-20250919-EMP-PRIYA-RETAIL-SUP
099999123452,19/09/2025,PAYROLL NET WAGE Marco Hospitality Casual PAY-20250919-EMP-MARCO-HOSP-CASUAL,438.38,,122610.55,PAYROLL,PAYNET-PAY-20250919-EMP-MARCO-HOSP-CASUAL
099999123452,19/09/2025,PAYROLL NET WAGE Hana Cafe Part-time PAY-20250919-EMP-HANA-CAFE-PARTTIME,491.00,,122119.55,PAYROLL,PAYNET-PAY-20250919-EMP-HANA-CAFE-PARTTIME
099999123452,19/09/2025,PAYG WITHHOLDING REMITTANCE ATO Riley Retail Casual PAY-20250919-EMP-RILEY-RETAIL-CASUAL,92.00,,122027.55,PAYROLL_TAX,PAYG-PAY-20250919-EMP-RILEY-RETAIL-CASUAL
099999123452,19/09/2025,PAYG WITHHOLDING REMITTANCE ATO Priya Retail Supervisor PAY-20250919-EMP-PRIYA-RETAIL-SUP,184.86,,121842.69,PAYROLL_TAX,PAYG-PAY-20250919-EMP-PRIYA-RETAIL-SUP
099999123452,19/09/2025,PAYG WITHHOLDING REMITTANCE ATO Marco Hospitality Casual PAY-20250919-EMP-MARCO-HOSP-CASUAL,14.00,,121828.69,PAYROLL_TAX,PAYG-PAY-20250919-EMP-MARCO-HOSP-CASUAL
099999123452,19/09/2025,PAYG WITHHOLDING REMITTANCE ATO Hana Cafe Part-time PAY-20250919-EMP-HANA-CAFE-PARTTIME,26.00,,121802.69,PAYROLL_TAX,PAYG-PAY-20250919-EMP-HANA-CAFE-PARTTIME
099999123452,18/09/2025,DEPOSIT OSKO PAYMENT Retail Client A INV-003,,47025.00,125014.51,DEP,BTR-000003
099999123452,16/09/2025,WITHDRAWAL-OSKO PAYMENT Harbour Property Trust RENT-202509,8580.00,,77989.51,PAYMENT,BTP-000009
099999123452,12/09/2025,SUPER CLEARING HOUSE Riley Retail Casual PAY-20250912-EMP-RILEY-RETAIL-CASUAL,99.57,,89464.59,SUPER,SUPER-PAY-20250912-EMP-RILEY-RETAIL-CASUAL
099999123452,12/09/2025,SUPER CLEARING HOUSE Priya Retail Supervisor PAY-20250912-EMP-PRIYA-RETAIL-SUP,128.23,,89336.36,SUPER,SUPER-PAY-20250912-EMP-PRIYA-RETAIL-SUP
099999123452,12/09/2025,SUPER CLEARING HOUSE Marco Hospitality Casual PAY-20250912-EMP-MARCO-HOSP-CASUAL,31.02,,89305.34,SUPER,SUPER-PAY-20250912-EMP-MARCO-HOSP-CASUAL
099999123452,12/09/2025,SUPER CLEARING HOUSE Hana Cafe Part-time PAY-20250912-EMP-HANA-CAFE-PARTTIME,62.04,,89243.30,SUPER,SUPER-PAY-20250912-EMP-HANA-CAFE-PARTTIME
099999123452,12/09/2025,PAYROLL NET WAGE Riley Retail Casual PAY-20250912-EMP-RILEY-RETAIL-CASUAL,737.75,,88505.55,PAYROLL,PAYNET-PAY-20250912-EMP-RILEY-RETAIL-CASUAL
099999123452,12/09/2025,PAYROLL NET WAGE Priya Retail Supervisor PAY-20250912-EMP-PRIYA-RETAIL-SUP,883.70,,87621.85,PAYROLL,PAYNET-PAY-20250912-EMP-PRIYA-RETAIL-SUP
099999123452,12/09/2025,PAYROLL NET WAGE Marco Hospitality Casual PAY-20250912-EMP-MARCO-HOSP-CASUAL,258.48,,87363.37,PAYROLL,PAYNET-PAY-20250912-EMP-MARCO-HOSP-CASUAL
099999123452,12/09/2025,PAYROLL NET WAGE Hana Cafe Part-time PAY-20250912-EMP-HANA-CAFE-PARTTIME,491.00,,86872.37,PAYROLL,PAYNET-PAY-20250912-EMP-HANA-CAFE-PARTTIME
099999123452,12/09/2025,PAYG WITHHOLDING REMITTANCE ATO Riley Retail Casual PAY-20250912-EMP-RILEY-RETAIL-CASUAL,92.00,,86780.37,PAYROLL_TAX,PAYG-PAY-20250912-EMP-RILEY-RETAIL-CASUAL
099999123452,12/09/2025,PAYG WITHHOLDING REMITTANCE ATO Priya Retail Supervisor PAY-20250912-EMP-PRIYA-RETAIL-SUP,184.86,,86595.51,PAYROLL_TAX,PAYG-PAY-20250912-EMP-PRIYA-RETAIL-SUP
099999123452,12/09/2025,PAYG WITHHOLDING REMITTANCE ATO Hana Cafe Part-time PAY-20250912-EMP-HANA-CAFE-PARTTIME,26.00,,86569.51,PAYROLL_TAX,PAYG-PAY-20250912-EMP-HANA-CAFE-PARTTIME
099999123452,05/09/2025,SUPER CLEARING HOUSE Riley Retail Casual PAY-20250905-EMP-RILEY-RETAIL-CASUAL,99.57,,92459.24,SUPER,SUPER-PAY-20250905-EMP-RILEY-RETAIL-CASUAL
099999123452,05/09/2025,SUPER CLEARING HOUSE Priya Retail Supervisor PAY-20250905-EMP-PRIYA-RETAIL-SUP,128.23,,92331.01,SUPER,SUPER-PAY-20250905-EMP-PRIYA-RETAIL-SUP
099999123452,05/09/2025,SUPER CLEARING HOUSE Marco Hospitality Casual PAY-20250905-EMP-MARCO-HOSP-CASUAL,31.02,,92299.99,SUPER,SUPER-PAY-20250905-EMP-MARCO-HOSP-CASUAL
099999123452,05/09/2025,SUPER CLEARING HOUSE Hana Cafe Part-time PAY-20250905-EMP-HANA-CAFE-PARTTIME,62.04,,92237.95,SUPER,SUPER-PAY-20250905-EMP-HANA-CAFE-PARTTIME
099999123452,05/09/2025,PAYROLL NET WAGE Riley Retail Casual PAY-20250905-EMP-RILEY-RETAIL-CASUAL,737.75,,91500.20,PAYROLL,PAYNET-PAY-20250905-EMP-RILEY-RETAIL-CASUAL
099999123452,05/09/2025,PAYROLL NET WAGE Priya Retail Supervisor PAY-20250905-EMP-PRIYA-RETAIL-SUP,883.70,,90616.50,PAYROLL,PAYNET-PAY-20250905-EMP-PRIYA-RETAIL-SUP
099999123452,05/09/2025,PAYROLL NET WAGE Marco Hospitality Casual PAY-20250905-EMP-MARCO-HOSP-CASUAL,258.48,,90358.02,PAYROLL,PAYNET-PAY-20250905-EMP-MARCO-HOSP-CASUAL
099999123452,05/09/2025,PAYROLL NET WAGE Hana Cafe Part-time PAY-20250905-EMP-HANA-CAFE-PARTTIME,491.00,,89867.02,PAYROLL,PAYNET-PAY-20250905-EMP-HANA-CAFE-PARTTIME
099999123452,05/09/2025,PAYG WITHHOLDING REMITTANCE ATO Riley Retail Casual PAY-20250905-EMP-RILEY-RETAIL-CASUAL,92.00,,89775.02,PAYROLL_TAX,PAYG-PAY-20250905-EMP-RILEY-RETAIL-CASUAL
099999123452,05/09/2025,PAYG WITHHOLDING REMITTANCE ATO Priya Retail Supervisor PAY-20250905-EMP-PRIYA-RETAIL-SUP,184.86,,89590.16,PAYROLL_TAX,PAYG-PAY-20250905-EMP-PRIYA-RETAIL-SUP
099999123452,05/09/2025,PAYG WITHHOLDING REMITTANCE ATO Hana Cafe Part-time PAY-20250905-EMP-HANA-CAFE-PARTTIME,26.00,,89564.16,PAYROLL_TAX,PAYG-PAY-20250905-EMP-HANA-CAFE-PARTTIME
099999123452,03/09/2025,WITHDRAWAL-OSKO PAYMENT Bank BANKFEE-202508,35.00,,92558.81,PAYMENT,BTP-000008
099999123452,29/08/2025,SUPER CLEARING HOUSE Riley Retail Casual PAY-20250829-EMP-RILEY-RETAIL-CASUAL,99.57,,95488.89,SUPER,SUPER-PAY-20250829-EMP-RILEY-RETAIL-CASUAL
099999123452,29/08/2025,SUPER CLEARING HOUSE Priya Retail Supervisor PAY-20250829-EMP-PRIYA-RETAIL-SUP,128.23,,95360.66,SUPER,SUPER-PAY-20250829-EMP-PRIYA-RETAIL-SUP
099999123452,29/08/2025,SUPER CLEARING HOUSE Marco Hospitality Casual PAY-20250829-EMP-MARCO-HOSP-CASUAL,31.02,,95329.64,SUPER,SUPER-PAY-20250829-EMP-MARCO-HOSP-CASUAL
099999123452,29/08/2025,SUPER CLEARING HOUSE Hana Cafe Part-time PAY-20250829-EMP-HANA-CAFE-PARTTIME,62.04,,95267.60,SUPER,SUPER-PAY-20250829-EMP-HANA-CAFE-PARTTIME
099999123452,29/08/2025,PAYROLL NET WAGE Riley Retail Casual PAY-20250829-EMP-RILEY-RETAIL-CASUAL,737.75,,94529.85,PAYROLL,PAYNET-PAY-20250829-EMP-RILEY-RETAIL-CASUAL
099999123452,29/08/2025,PAYROLL NET WAGE Priya Retail Supervisor PAY-20250829-EMP-PRIYA-RETAIL-SUP,883.70,,93646.15,PAYROLL,PAYNET-PAY-20250829-EMP-PRIYA-RETAIL-SUP
099999123452,29/08/2025,PAYROLL NET WAGE Marco Hospitality Casual PAY-20250829-EMP-MARCO-HOSP-CASUAL,258.48,,93387.67,PAYROLL,PAYNET-PAY-20250829-EMP-MARCO-HOSP-CASUAL
099999123452,29/08/2025,PAYROLL NET WAGE Hana Cafe Part-time PAY-20250829-EMP-HANA-CAFE-PARTTIME,491.00,,92896.67,PAYROLL,PAYNET-PAY-20250829-EMP-HANA-CAFE-PARTTIME
099999123452,29/08/2025,PAYG WITHHOLDING REMITTANCE ATO Riley Retail Casual PAY-20250829-EMP-RILEY-RETAIL-CASUAL,92.00,,92804.67,PAYROLL_TAX,PAYG-PAY-20250829-EMP-RILEY-RETAIL-CASUAL
099999123452,29/08/2025,PAYG WITHHOLDING REMITTANCE ATO Priya Retail Supervisor PAY-20250829-EMP-PRIYA-RETAIL-SUP,184.86,,92619.81,PAYROLL_TAX,PAYG-PAY-20250829-EMP-PRIYA-RETAIL-SUP
099999123452,29/08/2025,PAYG WITHHOLDING REMITTANCE ATO Hana Cafe Part-time PAY-20250829-EMP-HANA-CAFE-PARTTIME,26.00,,92593.81,PAYROLL_TAX,PAYG-PAY-20250829-EMP-HANA-CAFE-PARTTIME
099999123452,25/08/2025,WITHDRAWAL-OSKO PAYMENT Peak Local Marketing Pty Ltd CONTRACT-202508,1980.00,,95588.46,PAYMENT,BTP-000007
099999123452,22/08/2025,SUPER CLEARING HOUSE Riley Retail Casual PAY-20250822-EMP-RILEY-RETAIL-CASUAL,99.57,,101725.71,SUPER,SUPER-PAY-20250822-EMP-RILEY-RETAIL-CASUAL
099999123452,22/08/2025,SUPER CLEARING HOUSE Priya Retail Supervisor PAY-20250822-EMP-PRIYA-RETAIL-SUP,128.23,,101597.48,SUPER,SUPER-PAY-20250822-EMP-PRIYA-RETAIL-SUP
099999123452,22/08/2025,SUPER CLEARING HOUSE Marco Hospitality Casual PAY-20250822-EMP-MARCO-HOSP-CASUAL,54.29,,101543.19,SUPER,SUPER-PAY-20250822-EMP-MARCO-HOSP-CASUAL
099999123452,22/08/2025,SUPER CLEARING HOUSE Hana Cafe Part-time PAY-20250822-EMP-HANA-CAFE-PARTTIME,62.04,,101481.15,SUPER,SUPER-PAY-20250822-EMP-HANA-CAFE-PARTTIME
099999123452,22/08/2025,PAYROLL NET WAGE Riley Retail Casual PAY-20250822-EMP-RILEY-RETAIL-CASUAL,737.75,,100743.40,PAYROLL,PAYNET-PAY-20250822-EMP-RILEY-RETAIL-CASUAL
099999123452,22/08/2025,PAYROLL NET WAGE Priya Retail Supervisor PAY-20250822-EMP-PRIYA-RETAIL-SUP,883.70,,99859.70,PAYROLL,PAYNET-PAY-20250822-EMP-PRIYA-RETAIL-SUP
099999123452,22/08/2025,PAYROLL NET WAGE Marco Hospitality Casual PAY-20250822-EMP-MARCO-HOSP-CASUAL,438.38,,99421.32,PAYROLL,PAYNET-PAY-20250822-EMP-MARCO-HOSP-CASUAL
099999123452,22/08/2025,PAYROLL NET WAGE Hana Cafe Part-time PAY-20250822-EMP-HANA-CAFE-PARTTIME,491.00,,98930.32,PAYROLL,PAYNET-PAY-20250822-EMP-HANA-CAFE-PARTTIME
099999123452,22/08/2025,PAYG WITHHOLDING REMITTANCE ATO Riley Retail Casual PAY-20250822-EMP-RILEY-RETAIL-CASUAL,92.00,,98838.32,PAYROLL_TAX,PAYG-PAY-20250822-EMP-RILEY-RETAIL-CASUAL
099999123452,22/08/2025,PAYG WITHHOLDING REMITTANCE ATO Priya Retail Supervisor PAY-20250822-EMP-PRIYA-RETAIL-SUP,184.86,,98653.46,PAYROLL_TAX,PAYG-PAY-20250822-EMP-PRIYA-RETAIL-SUP
099999123452,22/08/2025,PAYG WITHHOLDING REMITTANCE ATO Marco Hospitality Casual PAY-20250822-EMP-MARCO-HOSP-CASUAL,14.00,,98639.46,PAYROLL_TAX,PAYG-PAY-20250822-EMP-MARCO-HOSP-CASUAL
099999123452,22/08/2025,PAYG WITHHOLDING REMITTANCE ATO Hana Cafe Part-time PAY-20250822-EMP-HANA-CAFE-PARTTIME,26.00,,98613.46,PAYROLL_TAX,PAYG-PAY-20250822-EMP-HANA-CAFE-PARTTIME
099999123452,22/08/2025,WITHDRAWAL-OSKO PAYMENT Cloud Software Vendors SOFT-202508,1045.00,,97568.46,PAYMENT,BTP-000006
099999123452,18/08/2025,DEPOSIT OSKO PAYMENT Retail Client C INV-002,,46750.00,101825.28,DEP,BTR-000002
099999123452,16/08/2025,WITHDRAWAL-OSKO PAYMENT Harbour Property Trust RENT-202508,8580.00,,55075.28,PAYMENT,BTP-000005
099999123452,15/08/2025,SUPER CLEARING HOUSE Riley Retail Casual PAY-20250815-EMP-RILEY-RETAIL-CASUAL,99.57,,66550.36,SUPER,SUPER-PAY-20250815-EMP-RILEY-RETAIL-CASUAL
099999123452,15/08/2025,SUPER CLEARING HOUSE Priya Retail Supervisor PAY-20250815-EMP-PRIYA-RETAIL-SUP,128.23,,66422.13,SUPER,SUPER-PAY-20250815-EMP-PRIYA-RETAIL-SUP
099999123452,15/08/2025,SUPER CLEARING HOUSE Marco Hospitality Casual PAY-20250815-EMP-MARCO-HOSP-CASUAL,31.02,,66391.11,SUPER,SUPER-PAY-20250815-EMP-MARCO-HOSP-CASUAL
099999123452,15/08/2025,SUPER CLEARING HOUSE Hana Cafe Part-time PAY-20250815-EMP-HANA-CAFE-PARTTIME,62.04,,66329.07,SUPER,SUPER-PAY-20250815-EMP-HANA-CAFE-PARTTIME
099999123452,15/08/2025,PAYROLL NET WAGE Riley Retail Casual PAY-20250815-EMP-RILEY-RETAIL-CASUAL,737.75,,65591.32,PAYROLL,PAYNET-PAY-20250815-EMP-RILEY-RETAIL-CASUAL
099999123452,15/08/2025,PAYROLL NET WAGE Priya Retail Supervisor PAY-20250815-EMP-PRIYA-RETAIL-SUP,883.70,,64707.62,PAYROLL,PAYNET-PAY-20250815-EMP-PRIYA-RETAIL-SUP
099999123452,15/08/2025,PAYROLL NET WAGE Marco Hospitality Casual PAY-20250815-EMP-MARCO-HOSP-CASUAL,258.48,,64449.14,PAYROLL,PAYNET-PAY-20250815-EMP-MARCO-HOSP-CASUAL
099999123452,15/08/2025,PAYROLL NET WAGE Hana Cafe Part-time PAY-20250815-EMP-HANA-CAFE-PARTTIME,491.00,,63958.14,PAYROLL,PAYNET-PAY-20250815-EMP-HANA-CAFE-PARTTIME
099999123452,15/08/2025,PAYG WITHHOLDING REMITTANCE ATO Riley Retail Casual PAY-20250815-EMP-RILEY-RETAIL-CASUAL,92.00,,63866.14,PAYROLL_TAX,PAYG-PAY-20250815-EMP-RILEY-RETAIL-CASUAL
099999123452,15/08/2025,PAYG WITHHOLDING REMITTANCE ATO Priya Retail Supervisor PAY-20250815-EMP-PRIYA-RETAIL-SUP,184.86,,63681.28,PAYROLL_TAX,PAYG-PAY-20250815-EMP-PRIYA-RETAIL-SUP
099999123452,15/08/2025,PAYG WITHHOLDING REMITTANCE ATO Hana Cafe Part-time PAY-20250815-EMP-HANA-CAFE-PARTTIME,26.00,,63655.28,PAYROLL_TAX,PAYG-PAY-20250815-EMP-HANA-CAFE-PARTTIME
099999123452,08/08/2025,SUPER CLEARING HOUSE Riley Retail Casual PAY-20250808-EMP-RILEY-RETAIL-CASUAL,99.57,,69545.01,SUPER,SUPER-PAY-20250808-EMP-RILEY-RETAIL-CASUAL
099999123452,08/08/2025,SUPER CLEARING HOUSE Priya Retail Supervisor PAY-20250808-EMP-PRIYA-RETAIL-SUP,128.23,,69416.78,SUPER,SUPER-PAY-20250808-EMP-PRIYA-RETAIL-SUP
099999123452,08/08/2025,SUPER CLEARING HOUSE Marco Hospitality Casual PAY-20250808-EMP-MARCO-HOSP-CASUAL,31.02,,69385.76,SUPER,SUPER-PAY-20250808-EMP-MARCO-HOSP-CASUAL
099999123452,08/08/2025,SUPER CLEARING HOUSE Hana Cafe Part-time PAY-20250808-EMP-HANA-CAFE-PARTTIME,62.04,,69323.72,SUPER,SUPER-PAY-20250808-EMP-HANA-CAFE-PARTTIME
099999123452,08/08/2025,PAYROLL NET WAGE Riley Retail Casual PAY-20250808-EMP-RILEY-RETAIL-CASUAL,737.75,,68585.97,PAYROLL,PAYNET-PAY-20250808-EMP-RILEY-RETAIL-CASUAL
099999123452,08/08/2025,PAYROLL NET WAGE Priya Retail Supervisor PAY-20250808-EMP-PRIYA-RETAIL-SUP,883.70,,67702.27,PAYROLL,PAYNET-PAY-20250808-EMP-PRIYA-RETAIL-SUP
099999123452,08/08/2025,PAYROLL NET WAGE Marco Hospitality Casual PAY-20250808-EMP-MARCO-HOSP-CASUAL,258.48,,67443.79,PAYROLL,PAYNET-PAY-20250808-EMP-MARCO-HOSP-CASUAL
099999123452,08/08/2025,PAYROLL NET WAGE Hana Cafe Part-time PAY-20250808-EMP-HANA-CAFE-PARTTIME,491.00,,66952.79,PAYROLL,PAYNET-PAY-20250808-EMP-HANA-CAFE-PARTTIME
099999123452,08/08/2025,PAYG WITHHOLDING REMITTANCE ATO Riley Retail Casual PAY-20250808-EMP-RILEY-RETAIL-CASUAL,92.00,,66860.79,PAYROLL_TAX,PAYG-PAY-20250808-EMP-RILEY-RETAIL-CASUAL
099999123452,08/08/2025,PAYG WITHHOLDING REMITTANCE ATO Priya Retail Supervisor PAY-20250808-EMP-PRIYA-RETAIL-SUP,184.86,,66675.93,PAYROLL_TAX,PAYG-PAY-20250808-EMP-PRIYA-RETAIL-SUP
099999123452,08/08/2025,PAYG WITHHOLDING REMITTANCE ATO Hana Cafe Part-time PAY-20250808-EMP-HANA-CAFE-PARTTIME,26.00,,66649.93,PAYROLL_TAX,PAYG-PAY-20250808-EMP-HANA-CAFE-PARTTIME
099999123452,03/08/2025,WITHDRAWAL-OSKO PAYMENT Bank BANKFEE-202507,35.00,,69644.58,PAYMENT,BTP-000004
099999123452,01/08/2025,SUPER CLEARING HOUSE Riley Retail Casual PAY-20250801-EMP-RILEY-RETAIL-CASUAL,99.57,,72574.66,SUPER,SUPER-PAY-20250801-EMP-RILEY-RETAIL-CASUAL
099999123452,01/08/2025,SUPER CLEARING HOUSE Priya Retail Supervisor PAY-20250801-EMP-PRIYA-RETAIL-SUP,128.23,,72446.43,SUPER,SUPER-PAY-20250801-EMP-PRIYA-RETAIL-SUP
099999123452,01/08/2025,SUPER CLEARING HOUSE Marco Hospitality Casual PAY-20250801-EMP-MARCO-HOSP-CASUAL,31.02,,72415.41,SUPER,SUPER-PAY-20250801-EMP-MARCO-HOSP-CASUAL
099999123452,01/08/2025,SUPER CLEARING HOUSE Hana Cafe Part-time PAY-20250801-EMP-HANA-CAFE-PARTTIME,62.04,,72353.37,SUPER,SUPER-PAY-20250801-EMP-HANA-CAFE-PARTTIME
099999123452,01/08/2025,PAYROLL NET WAGE Riley Retail Casual PAY-20250801-EMP-RILEY-RETAIL-CASUAL,737.75,,71615.62,PAYROLL,PAYNET-PAY-20250801-EMP-RILEY-RETAIL-CASUAL
099999123452,01/08/2025,PAYROLL NET WAGE Priya Retail Supervisor PAY-20250801-EMP-PRIYA-RETAIL-SUP,883.70,,70731.92,PAYROLL,PAYNET-PAY-20250801-EMP-PRIYA-RETAIL-SUP
099999123452,01/08/2025,PAYROLL NET WAGE Marco Hospitality Casual PAY-20250801-EMP-MARCO-HOSP-CASUAL,258.48,,70473.44,PAYROLL,PAYNET-PAY-20250801-EMP-MARCO-HOSP-CASUAL
099999123452,01/08/2025,PAYROLL NET WAGE Hana Cafe Part-time PAY-20250801-EMP-HANA-CAFE-PARTTIME,491.00,,69982.44,PAYROLL,PAYNET-PAY-20250801-EMP-HANA-CAFE-PARTTIME
099999123452,01/08/2025,PAYG WITHHOLDING REMITTANCE ATO Riley Retail Casual PAY-20250801-EMP-RILEY-RETAIL-CASUAL,92.00,,69890.44,PAYROLL_TAX,PAYG-PAY-20250801-EMP-RILEY-RETAIL-CASUAL
099999123452,01/08/2025,PAYG WITHHOLDING REMITTANCE ATO Priya Retail Supervisor PAY-20250801-EMP-PRIYA-RETAIL-SUP,184.86,,69705.58,PAYROLL_TAX,PAYG-PAY-20250801-EMP-PRIYA-RETAIL-SUP
099999123452,01/08/2025,PAYG WITHHOLDING REMITTANCE ATO Hana Cafe Part-time PAY-20250801-EMP-HANA-CAFE-PARTTIME,26.00,,69679.58,PAYROLL_TAX,PAYG-PAY-20250801-EMP-HANA-CAFE-PARTTIME
099999123452,25/07/2025,SUPER CLEARING HOUSE Riley Retail Casual PAY-20250725-EMP-RILEY-RETAIL-CASUAL,99.57,,77766.48,SUPER,SUPER-PAY-20250725-EMP-RILEY-RETAIL-CASUAL
099999123452,25/07/2025,SUPER CLEARING HOUSE Priya Retail Supervisor PAY-20250725-EMP-PRIYA-RETAIL-SUP,128.23,,77638.25,SUPER,SUPER-PAY-20250725-EMP-PRIYA-RETAIL-SUP
099999123452,25/07/2025,SUPER CLEARING HOUSE Marco Hospitality Casual PAY-20250725-EMP-MARCO-HOSP-CASUAL,54.29,,77583.96,SUPER,SUPER-PAY-20250725-EMP-MARCO-HOSP-CASUAL
099999123452,25/07/2025,SUPER CLEARING HOUSE Hana Cafe Part-time PAY-20250725-EMP-HANA-CAFE-PARTTIME,62.04,,77521.92,SUPER,SUPER-PAY-20250725-EMP-HANA-CAFE-PARTTIME
099999123452,25/07/2025,PAYROLL NET WAGE Riley Retail Casual PAY-20250725-EMP-RILEY-RETAIL-CASUAL,737.75,,76784.17,PAYROLL,PAYNET-PAY-20250725-EMP-RILEY-RETAIL-CASUAL
099999123452,25/07/2025,PAYROLL NET WAGE Priya Retail Supervisor PAY-20250725-EMP-PRIYA-RETAIL-SUP,883.70,,75900.47,PAYROLL,PAYNET-PAY-20250725-EMP-PRIYA-RETAIL-SUP
099999123452,25/07/2025,PAYROLL NET WAGE Marco Hospitality Casual PAY-20250725-EMP-MARCO-HOSP-CASUAL,438.38,,75462.09,PAYROLL,PAYNET-PAY-20250725-EMP-MARCO-HOSP-CASUAL
099999123452,25/07/2025,PAYROLL NET WAGE Hana Cafe Part-time PAY-20250725-EMP-HANA-CAFE-PARTTIME,491.00,,74971.09,PAYROLL,PAYNET-PAY-20250725-EMP-HANA-CAFE-PARTTIME
099999123452,25/07/2025,PAYG WITHHOLDING REMITTANCE ATO Riley Retail Casual PAY-20250725-EMP-RILEY-RETAIL-CASUAL,92.00,,74879.09,PAYROLL_TAX,PAYG-PAY-20250725-EMP-RILEY-RETAIL-CASUAL
099999123452,25/07/2025,PAYG WITHHOLDING REMITTANCE ATO Priya Retail Supervisor PAY-20250725-EMP-PRIYA-RETAIL-SUP,184.86,,74694.23,PAYROLL_TAX,PAYG-PAY-20250725-EMP-PRIYA-RETAIL-SUP
099999123452,25/07/2025,PAYG WITHHOLDING REMITTANCE ATO Marco Hospitality Casual PAY-20250725-EMP-MARCO-HOSP-CASUAL,14.00,,74680.23,PAYROLL_TAX,PAYG-PAY-20250725-EMP-MARCO-HOSP-CASUAL
099999123452,25/07/2025,PAYG WITHHOLDING REMITTANCE ATO Hana Cafe Part-time PAY-20250725-EMP-HANA-CAFE-PARTTIME,26.00,,74654.23,PAYROLL_TAX,PAYG-PAY-20250725-EMP-HANA-CAFE-PARTTIME
099999123452,25/07/2025,WITHDRAWAL-OSKO PAYMENT Peak Local Marketing Pty Ltd CONTRACT-202507,1980.00,,72674.23,PAYMENT,BTP-000003
099999123452,22/07/2025,WITHDRAWAL-OSKO PAYMENT Cloud Software Vendors SOFT-202507,1045.00,,77866.05,PAYMENT,BTP-000002
099999123452,18/07/2025,SUPER CLEARING HOUSE Riley Retail Casual PAY-20250718-EMP-RILEY-RETAIL-CASUAL,99.57,,35331.13,SUPER,SUPER-PAY-20250718-EMP-RILEY-RETAIL-CASUAL
099999123452,18/07/2025,SUPER CLEARING HOUSE Priya Retail Supervisor PAY-20250718-EMP-PRIYA-RETAIL-SUP,128.23,,35202.90,SUPER,SUPER-PAY-20250718-EMP-PRIYA-RETAIL-SUP
099999123452,18/07/2025,SUPER CLEARING HOUSE Marco Hospitality Casual PAY-20250718-EMP-MARCO-HOSP-CASUAL,31.02,,35171.88,SUPER,SUPER-PAY-20250718-EMP-MARCO-HOSP-CASUAL
099999123452,18/07/2025,SUPER CLEARING HOUSE Hana Cafe Part-time PAY-20250718-EMP-HANA-CAFE-PARTTIME,62.04,,35109.84,SUPER,SUPER-PAY-20250718-EMP-HANA-CAFE-PARTTIME
099999123452,18/07/2025,PAYROLL NET WAGE Riley Retail Casual PAY-20250718-EMP-RILEY-RETAIL-CASUAL,737.75,,34372.09,PAYROLL,PAYNET-PAY-20250718-EMP-RILEY-RETAIL-CASUAL
099999123452,18/07/2025,PAYROLL NET WAGE Priya Retail Supervisor PAY-20250718-EMP-PRIYA-RETAIL-SUP,883.70,,33488.39,PAYROLL,PAYNET-PAY-20250718-EMP-PRIYA-RETAIL-SUP
099999123452,18/07/2025,PAYROLL NET WAGE Marco Hospitality Casual PAY-20250718-EMP-MARCO-HOSP-CASUAL,258.48,,33229.91,PAYROLL,PAYNET-PAY-20250718-EMP-MARCO-HOSP-CASUAL
099999123452,18/07/2025,PAYROLL NET WAGE Hana Cafe Part-time PAY-20250718-EMP-HANA-CAFE-PARTTIME,491.00,,32738.91,PAYROLL,PAYNET-PAY-20250718-EMP-HANA-CAFE-PARTTIME
099999123452,18/07/2025,PAYG WITHHOLDING REMITTANCE ATO Riley Retail Casual PAY-20250718-EMP-RILEY-RETAIL-CASUAL,92.00,,32646.91,PAYROLL_TAX,PAYG-PAY-20250718-EMP-RILEY-RETAIL-CASUAL
099999123452,18/07/2025,PAYG WITHHOLDING REMITTANCE ATO Priya Retail Supervisor PAY-20250718-EMP-PRIYA-RETAIL-SUP,184.86,,32462.05,PAYROLL_TAX,PAYG-PAY-20250718-EMP-PRIYA-RETAIL-SUP
099999123452,18/07/2025,PAYG WITHHOLDING REMITTANCE ATO Hana Cafe Part-time PAY-20250718-EMP-HANA-CAFE-PARTTIME,26.00,,32436.05,PAYROLL_TAX,PAYG-PAY-20250718-EMP-HANA-CAFE-PARTTIME
099999123452,18/07/2025,DEPOSIT OSKO PAYMENT Retail Client B INV-001,,46475.00,78911.05,DEP,BTR-000001
099999123452,16/07/2025,WITHDRAWAL-OSKO PAYMENT Harbour Property Trust RENT-202507,8580.00,,35430.70,PAYMENT,BTP-000001
099999123452,11/07/2025,SUPER CLEARING HOUSE Riley Retail Casual PAY-20250711-EMP-RILEY-RETAIL-CASUAL,99.57,,46905.78,SUPER,SUPER-PAY-20250711-EMP-RILEY-RETAIL-CASUAL
099999123452,11/07/2025,SUPER CLEARING HOUSE Priya Retail Supervisor PAY-20250711-EMP-PRIYA-RETAIL-SUP,128.23,,46777.55,SUPER,SUPER-PAY-20250711-EMP-PRIYA-RETAIL-SUP
099999123452,11/07/2025,SUPER CLEARING HOUSE Marco Hospitality Casual PAY-20250711-EMP-MARCO-HOSP-CASUAL,31.02,,46746.53,SUPER,SUPER-PAY-20250711-EMP-MARCO-HOSP-CASUAL
099999123452,11/07/2025,SUPER CLEARING HOUSE Hana Cafe Part-time PAY-20250711-EMP-HANA-CAFE-PARTTIME,62.04,,46684.49,SUPER,SUPER-PAY-20250711-EMP-HANA-CAFE-PARTTIME
099999123452,11/07/2025,PAYROLL NET WAGE Riley Retail Casual PAY-20250711-EMP-RILEY-RETAIL-CASUAL,737.75,,45946.74,PAYROLL,PAYNET-PAY-20250711-EMP-RILEY-RETAIL-CASUAL
099999123452,11/07/2025,PAYROLL NET WAGE Priya Retail Supervisor PAY-20250711-EMP-PRIYA-RETAIL-SUP,883.70,,45063.04,PAYROLL,PAYNET-PAY-20250711-EMP-PRIYA-RETAIL-SUP
099999123452,11/07/2025,PAYROLL NET WAGE Marco Hospitality Casual PAY-20250711-EMP-MARCO-HOSP-CASUAL,258.48,,44804.56,PAYROLL,PAYNET-PAY-20250711-EMP-MARCO-HOSP-CASUAL
099999123452,11/07/2025,PAYROLL NET WAGE Hana Cafe Part-time PAY-20250711-EMP-HANA-CAFE-PARTTIME,491.00,,44313.56,PAYROLL,PAYNET-PAY-20250711-EMP-HANA-CAFE-PARTTIME
099999123452,11/07/2025,PAYG WITHHOLDING REMITTANCE ATO Riley Retail Casual PAY-20250711-EMP-RILEY-RETAIL-CASUAL,92.00,,44221.56,PAYROLL_TAX,PAYG-PAY-20250711-EMP-RILEY-RETAIL-CASUAL
099999123452,11/07/2025,PAYG WITHHOLDING REMITTANCE ATO Priya Retail Supervisor PAY-20250711-EMP-PRIYA-RETAIL-SUP,184.86,,44036.70,PAYROLL_TAX,PAYG-PAY-20250711-EMP-PRIYA-RETAIL-SUP
099999123452,11/07/2025,PAYG WITHHOLDING REMITTANCE ATO Hana Cafe Part-time PAY-20250711-EMP-HANA-CAFE-PARTTIME,26.00,,44010.70,PAYROLL_TAX,PAYG-PAY-20250711-EMP-HANA-CAFE-PARTTIME
099999123452,04/07/2025,SUPER CLEARING HOUSE Riley Retail Casual PAY-20250704-EMP-RILEY-RETAIL-CASUAL,99.57,,49900.43,SUPER,SUPER-PAY-20250704-EMP-RILEY-RETAIL-CASUAL
099999123452,04/07/2025,SUPER CLEARING HOUSE Priya Retail Supervisor PAY-20250704-EMP-PRIYA-RETAIL-SUP,128.23,,49772.20,SUPER,SUPER-PAY-20250704-EMP-PRIYA-RETAIL-SUP
099999123452,04/07/2025,SUPER CLEARING HOUSE Marco Hospitality Casual PAY-20250704-EMP-MARCO-HOSP-CASUAL,31.02,,49741.18,SUPER,SUPER-PAY-20250704-EMP-MARCO-HOSP-CASUAL
099999123452,04/07/2025,SUPER CLEARING HOUSE Hana Cafe Part-time PAY-20250704-EMP-HANA-CAFE-PARTTIME,62.04,,49679.14,SUPER,SUPER-PAY-20250704-EMP-HANA-CAFE-PARTTIME
099999123452,04/07/2025,PAYROLL NET WAGE Riley Retail Casual PAY-20250704-EMP-RILEY-RETAIL-CASUAL,737.75,,48941.39,PAYROLL,PAYNET-PAY-20250704-EMP-RILEY-RETAIL-CASUAL
099999123452,04/07/2025,PAYROLL NET WAGE Priya Retail Supervisor PAY-20250704-EMP-PRIYA-RETAIL-SUP,883.70,,48057.69,PAYROLL,PAYNET-PAY-20250704-EMP-PRIYA-RETAIL-SUP
099999123452,04/07/2025,PAYROLL NET WAGE Marco Hospitality Casual PAY-20250704-EMP-MARCO-HOSP-CASUAL,258.48,,47799.21,PAYROLL,PAYNET-PAY-20250704-EMP-MARCO-HOSP-CASUAL
099999123452,04/07/2025,PAYROLL NET WAGE Hana Cafe Part-time PAY-20250704-EMP-HANA-CAFE-PARTTIME,491.00,,47308.21,PAYROLL,PAYNET-PAY-20250704-EMP-HANA-CAFE-PARTTIME
099999123452,04/07/2025,PAYG WITHHOLDING REMITTANCE ATO Riley Retail Casual PAY-20250704-EMP-RILEY-RETAIL-CASUAL,92.00,,47216.21,PAYROLL_TAX,PAYG-PAY-20250704-EMP-RILEY-RETAIL-CASUAL
099999123452,04/07/2025,PAYG WITHHOLDING REMITTANCE ATO Priya Retail Supervisor PAY-20250704-EMP-PRIYA-RETAIL-SUP,184.86,,47031.35,PAYROLL_TAX,PAYG-PAY-20250704-EMP-PRIYA-RETAIL-SUP
099999123452,04/07/2025,PAYG WITHHOLDING REMITTANCE ATO Hana Cafe Part-time PAY-20250704-EMP-HANA-CAFE-PARTTIME,26.00,,47005.35,PAYROLL_TAX,PAYG-PAY-20250704-EMP-HANA-CAFE-PARTTIME
