Bank Account,Date,Narrative,Debit Amount,Credit Amount,Balance,Categories,Serial
099999123452,04/07/2026,WITHDRAWAL-OSKO PAYMENT Bank BANKFEE-202606,35.00,,326466.83,PAYMENT,BTP-000048
099999123452,26/06/2026,SUPER CLEARING HOUSE Riley Retail Casual PAY-20260626-EMP-RILEY-RETAIL-CASUAL,99.57,,326501.83,SUPER,SUPER-PAY-20260626-EMP-RILEY-RETAIL-CASUAL
099999123452,26/06/2026,SUPER CLEARING HOUSE Priya Retail Supervisor PAY-20260626-EMP-PRIYA-RETAIL-SUP,128.23,,326601.40,SUPER,SUPER-PAY-20260626-EMP-PRIYA-RETAIL-SUP
099999123452,26/06/2026,SUPER CLEARING HOUSE Marco Hospitality Casual PAY-20260626-EMP-MARCO-HOSP-CASUAL,85.31,,326729.63,SUPER,SUPER-PAY-20260626-EMP-MARCO-HOSP-CASUAL
099999123452,26/06/2026,SUPER CLEARING HOUSE Hana Cafe Part-time PAY-20260626-EMP-HANA-CAFE-PARTTIME,62.04,,326814.94,SUPER,SUPER-PAY-20260626-EMP-HANA-CAFE-PARTTIME
099999123452,26/06/2026,PAYROLL NET WAGE Riley Retail Casual PAY-20260626-EMP-RILEY-RETAIL-CASUAL,726.75,,326876.98,PAYROLL,PAYNET-PAY-20260626-EMP-RILEY-RETAIL-CASUAL
099999123452,26/06/2026,PAYROLL NET WAGE Priya Retail Supervisor PAY-20260626-EMP-PRIYA-RETAIL-SUP,894.56,,327603.73,PAYROLL,PAYNET-PAY-20260626-EMP-PRIYA-RETAIL-SUP
099999123452,26/06/2026,PAYROLL NET WAGE Marco Hospitality Casual PAY-20260626-EMP-MARCO-HOSP-CASUAL,643.90,,328498.29,PAYROLL,PAYNET-PAY-20260626-EMP-MARCO-HOSP-CASUAL
099999123452,26/06/2026,PAYROLL NET WAGE Hana Cafe Part-time PAY-20260626-EMP-HANA-CAFE-PARTTIME,491.00,,329142.19,PAYROLL,PAYNET-PAY-20260626-EMP-HANA-CAFE-PARTTIME
099999123452,26/06/2026,PAYG WITHHOLDING REMITTANCE ATO Riley Retail Casual PAY-20260626-EMP-RILEY-RETAIL-CASUAL,103.00,,329633.19,PAYROLL_TAX,PAYG-PAY-20260626-EMP-RILEY-RETAIL-CASUAL
099999123452,26/06/2026,PAYG WITHHOLDING REMITTANCE ATO Priya Retail Supervisor PAY-20260626-EMP-PRIYA-RETAIL-SUP,174.00,,329736.19,PAYROLL_TAX,PAYG-PAY-20260626-EMP-PRIYA-RETAIL-SUP
099999123452,26/06/2026,PAYG WITHHOLDING REMITTANCE ATO Marco Hospitality Casual PAY-20260626-EMP-MARCO-HOSP-CASUAL,67.00,,329910.19,PAYROLL_TAX,PAYG-PAY-20260626-EMP-MARCO-HOSP-CASUAL
099999123452,26/06/2026,PAYG WITHHOLDING REMITTANCE ATO Hana Cafe Part-time PAY-20260626-EMP-HANA-CAFE-PARTTIME,26.00,,329977.19,PAYROLL_TAX,PAYG-PAY-20260626-EMP-HANA-CAFE-PARTTIME
099999123452,25/06/2026,WITHDRAWAL-OSKO PAYMENT Peak Local Marketing Pty Ltd CONTRACT-202606,1980.00,,330003.19,PAYMENT,BTP-000047
099999123452,22/06/2026,WITHDRAWAL-OSKO PAYMENT Cloud Software Vendors SOFT-202606,1045.00,,331983.19,PAYMENT,BTP-000046
099999123452,19/06/2026,SUPER CLEARING HOUSE Riley Retail Casual PAY-20260619-EMP-RILEY-RETAIL-CASUAL,99.57,,333028.19,SUPER,SUPER-PAY-20260619-EMP-RILEY-RETAIL-CASUAL
099999123452,19/06/2026,SUPER CLEARING HOUSE Priya Retail Supervisor PAY-20260619-EMP-PRIYA-RETAIL-SUP,128.23,,333127.76,SUPER,SUPER-PAY-20260619-EMP-PRIYA-RETAIL-SUP
099999123452,19/06/2026,SUPER CLEARING HOUSE Marco Hospitality Casual PAY-20260619-EMP-MARCO-HOSP-CASUAL,31.02,,333255.99,SUPER,SUPER-PAY-20260619-EMP-MARCO-HOSP-CASUAL
099999123452,19/06/2026,SUPER CLEARING HOUSE Hana Cafe Part-time PAY-20260619-EMP-HANA-CAFE-PARTTIME,62.04,,333287.01,SUPER,SUPER-PAY-20260619-EMP-HANA-CAFE-PARTTIME
099999123452,19/06/2026,PAYROLL NET WAGE Riley Retail Casual PAY-20260619-EMP-RILEY-RETAIL-CASUAL,726.75,,333349.05,PAYROLL,PAYNET-PAY-20260619-EMP-RILEY-RETAIL-CASUAL
099999123452,19/06/2026,PAYROLL NET WAGE Priya Retail Supervisor PAY-20260619-EMP-PRIYA-RETAIL-SUP,894.56,,334075.80,PAYROLL,PAYNET-PAY-20260619-EMP-PRIYA-RETAIL-SUP
099999123452,19/06/2026,PAYROLL NET WAGE Marco Hospitality Casual PAY-20260619-EMP-MARCO-HOSP-CASUAL,258.48,,334970.36,PAYROLL,PAYNET-PAY-20260619-EMP-MARCO-HOSP-CASUAL
099999123452,19/06/2026,PAYROLL NET WAGE Hana Cafe Part-time PAY-20260619-EMP-HANA-CAFE-PARTTIME,491.00,,335228.84,PAYROLL,PAYNET-PAY-20260619-EMP-HANA-CAFE-PARTTIME
099999123452,19/06/2026,PAYG WITHHOLDING REMITTANCE ATO Riley Retail Casual PAY-20260619-EMP-RILEY-RETAIL-CASUAL,103.00,,335719.84,PAYROLL_TAX,PAYG-PAY-20260619-EMP-RILEY-RETAIL-CASUAL
099999123452,19/06/2026,PAYG WITHHOLDING REMITTANCE ATO Priya Retail Supervisor PAY-20260619-EMP-PRIYA-RETAIL-SUP,174.00,,335822.84,PAYROLL_TAX,PAYG-PAY-20260619-EMP-PRIYA-RETAIL-SUP
099999123452,19/06/2026,PAYG WITHHOLDING REMITTANCE ATO Hana Cafe Part-time PAY-20260619-EMP-HANA-CAFE-PARTTIME,26.00,,335996.84,PAYROLL_TAX,PAYG-PAY-20260619-EMP-HANA-CAFE-PARTTIME
099999123452,18/06/2026,DEPOSIT OSKO PAYMENT Retail Client A INV-012,,49500.00,336022.84,DEP,BTR-000012
099999123452,16/06/2026,WITHDRAWAL-OSKO PAYMENT Harbour Property Trust RENT-202606,8580.00,,286522.84,PAYMENT,BTP-000045
099999123452,12/06/2026,SUPER CLEARING HOUSE Riley Retail Casual PAY-20260612-EMP-RILEY-RETAIL-CASUAL,99.57,,295102.84,SUPER,SUPER-PAY-20260612-EMP-RILEY-RETAIL-CASUAL
099999123452,12/06/2026,SUPER CLEARING HOUSE Priya Retail Supervisor PAY-20260612-EMP-PRIYA-RETAIL-SUP,128.23,,295202.41,SUPER,SUPER-PAY-20260612-EMP-PRIYA-RETAIL-SUP
099999123452,12/06/2026,SUPER CLEARING HOUSE Marco Hospitality Casual PAY-20260612-EMP-MARCO-HOSP-CASUAL,31.02,,295330.64,SUPER,SUPER-PAY-20260612-EMP-MARCO-HOSP-CASUAL
099999123452,12/06/2026,SUPER CLEARING HOUSE Hana Cafe Part-time PAY-20260612-EMP-HANA-CAFE-PARTTIME,62.04,,295361.66,SUPER,SUPER-PAY-20260612-EMP-HANA-CAFE-PARTTIME
099999123452,12/06/2026,PAYROLL NET WAGE Riley Retail Casual PAY-20260612-EMP-RILEY-RETAIL-CASUAL,726.75,,295423.70,PAYROLL,PAYNET-PAY-20260612-EMP-RILEY-RETAIL-CASUAL
099999123452,12/06/2026,PAYROLL NET WAGE Priya Retail Supervisor PAY-20260612-EMP-PRIYA-RETAIL-SUP,894.56,,296150.45,PAYROLL,PAYNET-PAY-20260612-EMP-PRIYA-RETAIL-SUP
099999123452,12/06/2026,PAYROLL NET WAGE Marco Hospitality Casual PAY-20260612-EMP-MARCO-HOSP-CASUAL,258.48,,297045.01,PAYROLL,PAYNET-PAY-20260612-EMP-MARCO-HOSP-CASUAL
099999123452,12/06/2026,PAYROLL NET WAGE Hana Cafe Part-time PAY-20260612-EMP-HANA-CAFE-PARTTIME,491.00,,297303.49,PAYROLL,PAYNET-PAY-20260612-EMP-HANA-CAFE-PARTTIME
099999123452,12/06/2026,PAYG WITHHOLDING REMITTANCE ATO Riley Retail Casual PAY-20260612-EMP-RILEY-RETAIL-CASUAL,103.00,,297794.49,PAYROLL_TAX,PAYG-PAY-20260612-EMP-RILEY-RETAIL-CASUAL
099999123452,12/06/2026,PAYG WITHHOLDING REMITTANCE ATO Priya Retail Supervisor PAY-20260612-EMP-PRIYA-RETAIL-SUP,174.00,,297897.49,PAYROLL_TAX,PAYG-PAY-20260612-EMP-PRIYA-RETAIL-SUP
099999123452,12/06/2026,PAYG WITHHOLDING REMITTANCE ATO Hana Cafe Part-time PAY-20260612-EMP-HANA-CAFE-PARTTIME,26.00,,298071.49,PAYROLL_TAX,PAYG-PAY-20260612-EMP-HANA-CAFE-PARTTIME
099999123452,05/06/2026,SUPER CLEARING HOUSE Riley Retail Casual PAY-20260605-EMP-RILEY-RETAIL-CASUAL,99.57,,298097.49,SUPER,SUPER-PAY-20260605-EMP-RILEY-RETAIL-CASUAL
099999123452,05/06/2026,SUPER CLEARING HOUSE Priya Retail Supervisor PAY-20260605-EMP-PRIYA-RETAIL-SUP,128.23,,298197.06,SUPER,SUPER-PAY-20260605-EMP-PRIYA-RETAIL-SUP
099999123452,05/06/2026,SUPER CLEARING HOUSE Marco Hospitality Casual PAY-20260605-EMP-MARCO-HOSP-CASUAL,31.02,,298325.29,SUPER,SUPER-PAY-20260605-EMP-MARCO-HOSP-CASUAL
099999123452,05/06/2026,SUPER CLEARING HOUSE Hana Cafe Part-time PAY-20260605-EMP-HANA-CAFE-PARTTIME,62.04,,298356.31,SUPER,SUPER-PAY-20260605-EMP-HANA-CAFE-PARTTIME
099999123452,05/06/2026,PAYROLL NET WAGE Riley Retail Casual PAY-20260605-EMP-RILEY-RETAIL-CASUAL,726.75,,298418.35,PAYROLL,PAYNET-PAY-20260605-EMP-RILEY-RETAIL-CASUAL
099999123452,05/06/2026,PAYROLL NET WAGE Priya Retail Supervisor PAY-20260605-EMP-PRIYA-RETAIL-SUP,894.56,,299145.10,PAYROLL,PAYNET-PAY-20260605-EMP-PRIYA-RETAIL-SUP
099999123452,05/06/2026,PAYROLL NET WAGE Marco Hospitality Casual PAY-20260605-EMP-MARCO-HOSP-CASUAL,258.48,,300039.66,PAYROLL,PAYNET-PAY-20260605-EMP-MARCO-HOSP-CASUAL
099999123452,05/06/2026,PAYROLL NET WAGE Hana Cafe Part-time PAY-20260605-EMP-HANA-CAFE-PARTTIME,491.00,,300298.14,PAYROLL,PAYNET-PAY-20260605-EMP-HANA-CAFE-PARTTIME
099999123452,05/06/2026,PAYG WITHHOLDING REMITTANCE ATO Riley Retail Casual PAY-20260605-EMP-RILEY-RETAIL-CASUAL,103.00,,300789.14,PAYROLL_TAX,PAYG-PAY-20260605-EMP-RILEY-RETAIL-CASUAL
099999123452,05/06/2026,PAYG WITHHOLDING REMITTANCE ATO Priya Retail Supervisor PAY-20260605-EMP-PRIYA-RETAIL-SUP,174.00,,300892.14,PAYROLL_TAX,PAYG-PAY-20260605-EMP-PRIYA-RETAIL-SUP
099999123452,05/06/2026,PAYG WITHHOLDING REMITTANCE ATO Hana Cafe Part-time PAY-20260605-EMP-HANA-CAFE-PARTTIME,26.00,,301066.14,PAYROLL_TAX,PAYG-PAY-20260605-EMP-HANA-CAFE-PARTTIME
099999123452,03/06/2026,WITHDRAWAL-OSKO PAYMENT Bank BANKFEE-202605,35.00,,301092.14,PAYMENT,BTP-000044
099999123452,29/05/2026,SUPER CLEARING HOUSE Riley Retail Casual PAY-20260529-EMP-RILEY-RETAIL-CASUAL,99.57,,301127.14,SUPER,SUPER-PAY-20260529-EMP-RILEY-RETAIL-CASUAL
099999123452,29/05/2026,SUPER CLEARING HOUSE Priya Retail Supervisor PAY-20260529-EMP-PRIYA-RETAIL-SUP,128.23,,301226.71,SUPER,SUPER-PAY-20260529-EMP-PRIYA-RETAIL-SUP
099999123452,29/05/2026,SUPER CLEARING HOUSE Marco Hospitality Casual PAY-20260529-EMP-MARCO-HOSP-CASUAL,54.29,,301354.94,SUPER,SUPER-PAY-20260529-EMP-MARCO-HOSP-CASUAL
099999123452,29/05/2026,SUPER CLEARING HOUSE Hana Cafe Part-time PAY-20260529-EMP-HANA-CAFE-PARTTIME,62.04,,301409.23,SUPER,SUPER-PAY-20260529-EMP-HANA-CAFE-PARTTIME
099999123452,29/05/2026,PAYROLL NET WAGE Riley Retail Casual PAY-20260529-EMP-RILEY-RETAIL-CASUAL,726.75,,301471.27,PAYROLL,PAYNET-PAY-20260529-EMP-RILEY-RETAIL-CASUAL
099999123452,29/05/2026,PAYROLL NET WAGE Priya Retail Supervisor PAY-20260529-EMP-PRIYA-RETAIL-SUP,894.56,,302198.02,PAYROLL,PAYNET-PAY-20260529-EMP-PRIYA-RETAIL-SUP
099999123452,29/05/2026,PAYROLL NET WAGE Marco Hospitality Casual PAY-20260529-EMP-MARCO-HOSP-CASUAL,437.38,,303092.58,PAYROLL,PAYNET-PAY-20260529-EMP-MARCO-HOSP-CASUAL
099999123452,29/05/2026,PAYROLL NET WAGE Hana Cafe Part-time PAY-20260529-EMP-HANA-CAFE-PARTTIME,491.00,,303529.96,PAYROLL,PAYNET-PAY-20260529-EMP-HANA-CAFE-PARTTIME
099999123452,29/05/2026,PAYG WITHHOLDING REMITTANCE ATO Riley Retail Casual PAY-20260529-EMP-RILEY-RETAIL-CASUAL,103.00,,304020.96,PAYROLL_TAX,PAYG-PAY-20260529-EMP-RILEY-RETAIL-CASUAL
099999123452,29/05/2026,PAYG WITHHOLDING REMITTANCE ATO Priya Retail Supervisor PAY-20260529-EMP-PRIYA-RETAIL-SUP,174.00,,304123.96,PAYROLL_TAX,PAYG-PAY-20260529-EMP-PRIYA-RETAIL-SUP
099999123452,29/05/2026,PAYG WITHHOLDING REMITTANCE ATO Marco Hospitality Casual PAY-20260529-EMP-MARCO-HOSP-CASUAL,15.00,,304297.96,PAYROLL_TAX,PAYG-PAY-20260529-EMP-MARCO-HOSP-CASUAL
099999123452,29/05/2026,PAYG WITHHOLDING REMITTANCE ATO Hana Cafe Part-time PAY-20260529-EMP-HANA-CAFE-PARTTIME,26.00,,304312.96,PAYROLL_TAX,PAYG-PAY-20260529-EMP-HANA-CAFE-PARTTIME
099999123452,25/05/2026,WITHDRAWAL-OSKO PAYMENT Peak Local Marketing Pty Ltd CONTRACT-202605,1980.00,,304338.96,PAYMENT,BTP-000043
099999123452,22/05/2026,SUPER CLEARING HOUSE Riley Retail Casual PAY-20260522-EMP-RILEY-RETAIL-CASUAL,99.57,,306318.96,SUPER,SUPER-PAY-20260522-EMP-RILEY-RETAIL-CASUAL
099999123452,22/05/2026,SUPER CLEARING HOUSE Priya Retail Supervisor PAY-20260522-EMP-PRIYA-RETAIL-SUP,128.23,,306418.53,SUPER,SUPER-PAY-20260522-EMP-PRIYA-RETAIL-SUP
099999123452,22/05/2026,SUPER CLEARING HOUSE Marco Hospitality Casual PAY-20260522-EMP-MARCO-HOSP-CASUAL,31.02,,306546.76,SUPER,SUPER-PAY-20260522-EMP-MARCO-HOSP-CASUAL
099999123452,22/05/2026,SUPER CLEARING HOUSE Hana Cafe Part-time PAY-20260522-EMP-HANA-CAFE-PARTTIME,62.04,,306577.78,SUPER,SUPER-PAY-20260522-EMP-HANA-CAFE-PARTTIME
099999123452,22/05/2026,PAYROLL NET WAGE Riley Retail Casual PAY-20260522-EMP-RILEY-RETAIL-CASUAL,726.75,,306639.82,PAYROLL,PAYNET-PAY-20260522-EMP-RILEY-RETAIL-CASUAL
099999123452,22/05/2026,PAYROLL NET WAGE Priya Retail Supervisor PAY-20260522-EMP-PRIYA-RETAIL-SUP,894.56,,307366.57,PAYROLL,PAYNET-PAY-20260522-EMP-PRIYA-RETAIL-SUP
099999123452,22/05/2026,PAYROLL NET WAGE Marco Hospitality Casual PAY-20260522-EMP-MARCO-HOSP-CASUAL,258.48,,308261.13,PAYROLL,PAYNET-PAY-20260522-EMP-MARCO-HOSP-CASUAL
099999123452,22/05/2026,PAYROLL NET WAGE Hana Cafe Part-time PAY-20260522-EMP-HANA-CAFE-PARTTIME,491.00,,308519.61,PAYROLL,PAYNET-PAY-20260522-EMP-HANA-CAFE-PARTTIME
099999123452,22/05/2026,PAYG WITHHOLDING REMITTANCE ATO Riley Retail Casual PAY-20260522-EMP-RILEY-RETAIL-CASUAL,103.00,,309010.61,PAYROLL_TAX,PAYG-PAY-20260522-EMP-RILEY-RETAIL-CASUAL
099999123452,22/05/2026,PAYG WITHHOLDING REMITTANCE ATO Priya Retail Supervisor PAY-20260522-EMP-PRIYA-RETAIL-SUP,174.00,,309113.61,PAYROLL_TAX,PAYG-PAY-20260522-EMP-PRIYA-RETAIL-SUP
099999123452,22/05/2026,PAYG WITHHOLDING REMITTANCE ATO Hana Cafe Part-time PAY-20260522-EMP-HANA-CAFE-PARTTIME,26.00,,309287.61,PAYROLL_TAX,PAYG-PAY-20260522-EMP-HANA-CAFE-PARTTIME
099999123452,22/05/2026,WITHDRAWAL-OSKO PAYMENT Cloud Software Vendors SOFT-202605,1045.00,,309313.61,PAYMENT,BTP-000042
099999123452,18/05/2026,DEPOSIT OSKO PAYMENT Retail Client C INV-011,,49225.00,310358.61,DEP,BTR-000011
099999123452,16/05/2026,WITHDRAWAL-OSKO PAYMENT Harbour Property Trust RENT-202605,8580.00,,261133.61,PAYMENT,BTP-000041
099999123452,15/05/2026,SUPER CLEARING HOUSE Riley Retail Casual PAY-20260515-EMP-RILEY-RETAIL-CASUAL,99.57,,269713.61,SUPER,SUPER-PAY-20260515-EMP-RILEY-RETAIL-CASUAL
099999123452,15/05/2026,SUPER CLEARING HOUSE Priya Retail Supervisor PAY-20260515-EMP-PRIYA-RETAIL-SUP,128.23,,269813.18,SUPER,SUPER-PAY-20260515-EMP-PRIYA-RETAIL-SUP
099999123452,15/05/2026,SUPER CLEARING HOUSE Marco Hospitality Casual PAY-20260515-EMP-MARCO-HOSP-CASUAL,31.02,,269941.41,SUPER,SUPER-PAY-20260515-EMP-MARCO-HOSP-CASUAL
099999123452,15/05/2026,SUPER CLEARING HOUSE Hana Cafe Part-time PAY-20260515-EMP-HANA-CAFE-PARTTIME,62.04,,269972.43,SUPER,SUPER-PAY-20260515-EMP-HANA-CAFE-PARTTIME
099999123452,15/05/2026,PAYROLL NET WAGE Riley Retail Casual PAY-20260515-EMP-RILEY-RETAIL-CASUAL,726.75,,270034.47,PAYROLL,PAYNET-PAY-20260515-EMP-RILEY-RETAIL-CASUAL
099999123452,15/05/2026,PAYROLL NET WAGE Priya Retail Supervisor PAY-20260515-EMP-PRIYA-RETAIL-SUP,894.56,,270761.22,PAYROLL,PAYNET-PAY-20260515-EMP-PRIYA-RETAIL-SUP
099999123452,15/05/2026,PAYROLL NET WAGE Marco Hospitality Casual PAY-20260515-EMP-MARCO-HOSP-CASUAL,258.48,,271655.78,PAYROLL,PAYNET-PAY-20260515-EMP-MARCO-HOSP-CASUAL
099999123452,15/05/2026,PAYROLL NET WAGE Hana Cafe Part-time PAY-20260515-EMP-HANA-CAFE-PARTTIME,491.00,,271914.26,PAYROLL,PAYNET-PAY-20260515-EMP-HANA-CAFE-PARTTIME
099999123452,15/05/2026,PAYG WITHHOLDING REMITTANCE ATO Riley Retail Casual PAY-20260515-EMP-RILEY-RETAIL-CASUAL,103.00,,272405.26,PAYROLL_TAX,PAYG-PAY-20260515-EMP-RILEY-RETAIL-CASUAL
099999123452,15/05/2026,PAYG WITHHOLDING REMITTANCE ATO Priya Retail Supervisor PAY-20260515-EMP-PRIYA-RETAIL-SUP,174.00,,272508.26,PAYROLL_TAX,PAYG-PAY-20260515-EMP-PRIYA-RETAIL-SUP
099999123452,15/05/2026,PAYG WITHHOLDING REMITTANCE ATO Hana Cafe Part-time PAY-20260515-EMP-HANA-CAFE-PARTTIME,26.00,,272682.26,PAYROLL_TAX,PAYG-PAY-20260515-EMP-HANA-CAFE-PARTTIME
099999123452,08/05/2026,SUPER CLEARING HOUSE Riley Retail Casual PAY-20260508-EMP-RILEY-RETAIL-CASUAL,99.57,,272708.26,SUPER,SUPER-PAY-20260508-EMP-RILEY-RETAIL-CASUAL
099999123452,08/05/2026,SUPER CLEARING HOUSE Priya Retail Supervisor PAY-20260508-EMP-PRIYA-RETAIL-SUP,128.23,,272807.83,SUPER,SUPER-PAY-20260508-EMP-PRIYA-RETAIL-SUP
099999123452,08/05/2026,SUPER CLEARING HOUSE Marco Hospitality Casual PAY-20260508-EMP-MARCO-HOSP-CASUAL,31.02,,272936.06,SUPER,SUPER-PAY-20260508-EMP-MARCO-HOSP-CASUAL
099999123452,08/05/2026,SUPER CLEARING HOUSE Hana Cafe Part-time PAY-20260508-EMP-HANA-CAFE-PARTTIME,62.04,,272967.08,SUPER,SUPER-PAY-20260508-EMP-HANA-CAFE-PARTTIME
099999123452,08/05/2026,PAYROLL NET WAGE Riley Retail Casual PAY-20260508-EMP-RILEY-RETAIL-CASUAL,726.75,,273029.12,PAYROLL,PAYNET-PAY-20260508-EMP-RILEY-RETAIL-CASUAL
099999123452,08/05/2026,PAYROLL NET WAGE Priya Retail Supervisor PAY-20260508-EMP-PRIYA-RETAIL-SUP,894.56,,273755.87,PAYROLL,PAYNET-PAY-20260508-EMP-PRIYA-RETAIL-SUP
099999123452,08/05/2026,PAYROLL NET WAGE Marco Hospitality Casual PAY-20260508-EMP-MARCO-HOSP-CASUAL,258.48,,274650.43,PAYROLL,PAYNET-PAY-20260508-EMP-MARCO-HOSP-CASUAL
099999123452,08/05/2026,PAYROLL NET WAGE Hana Cafe Part-time PAY-20260508-EMP-HANA-CAFE-PARTTIME,491.00,,274908.91,PAYROLL,PAYNET-PAY-20260508-EMP-HANA-CAFE-PARTTIME
099999123452,08/05/2026,PAYG WITHHOLDING REMITTANCE ATO Riley Retail Casual PAY-20260508-EMP-RILEY-RETAIL-CASUAL,103.00,,275399.91,PAYROLL_TAX,PAYG-PAY-20260508-EMP-RILEY-RETAIL-CASUAL
099999123452,08/05/2026,PAYG WITHHOLDING REMITTANCE ATO Priya Retail Supervisor PAY-20260508-EMP-PRIYA-RETAIL-SUP,174.00,,275502.91,PAYROLL_TAX,PAYG-PAY-20260508-EMP-PRIYA-RETAIL-SUP
099999123452,08/05/2026,PAYG WITHHOLDING REMITTANCE ATO Hana Cafe Part-time PAY-20260508-EMP-HANA-CAFE-PARTTIME,26.00,,275676.91,PAYROLL_TAX,PAYG-PAY-20260508-EMP-HANA-CAFE-PARTTIME
099999123452,04/05/2026,WITHDRAWAL-OSKO PAYMENT Bank BANKFEE-202604,35.00,,275702.91,PAYMENT,BTP-000040
099999123452,01/05/2026,SUPER CLEARING HOUSE Riley Retail Casual PAY-20260501-EMP-RILEY-RETAIL-CASUAL,99.57,,275737.91,SUPER,SUPER-PAY-20260501-EMP-RILEY-RETAIL-CASUAL
099999123452,01/05/2026,SUPER CLEARING HOUSE Priya Retail Supervisor PAY-20260501-EMP-PRIYA-RETAIL-SUP,128.23,,275837.48,SUPER,SUPER-PAY-20260501-EMP-PRIYA-RETAIL-SUP
099999123452,01/05/2026,SUPER CLEARING HOUSE Marco Hospitality Casual PAY-20260501-EMP-MARCO-HOSP-CASUAL,54.29,,275965.71,SUPER,SUPER-PAY-20260501-EMP-MARCO-HOSP-CASUAL
099999123452,01/05/2026,SUPER CLEARING HOUSE Hana Cafe Part-time PAY-20260501-EMP-HANA-CAFE-PARTTIME,62.04,,276020.00,SUPER,SUPER-PAY-20260501-EMP-HANA-CAFE-PARTTIME
099999123452,01/05/2026,PAYROLL NET WAGE Riley Retail Casual PAY-20260501-EMP-RILEY-RETAIL-CASUAL,726.75,,276082.04,PAYROLL,PAYNET-PAY-20260501-EMP-RILEY-RETAIL-CASUAL
099999123452,01/05/2026,PAYROLL NET WAGE Priya Retail Supervisor PAY-20260501-EMP-PRIYA-RETAIL-SUP,894.56,,276808.79,PAYROLL,PAYNET-PAY-20260501-EMP-PRIYA-RETAIL-SUP
099999123452,01/05/2026,PAYROLL NET WAGE Marco Hospitality Casual PAY-20260501-EMP-MARCO-HOSP-CASUAL,437.38,,277703.35,PAYROLL,PAYNET-PAY-20260501-EMP-MARCO-HOSP-CASUAL
099999123452,01/05/2026,PAYROLL NET WAGE Hana Cafe Part-time PAY-20260501-EMP-HANA-CAFE-PARTTIME,491.00,,278140.73,PAYROLL,PAYNET-PAY-20260501-EMP-HANA-CAFE-PARTTIME
099999123452,01/05/2026,PAYG WITHHOLDING REMITTANCE ATO Riley Retail Casual PAY-20260501-EMP-RILEY-RETAIL-CASUAL,103.00,,278631.73,PAYROLL_TAX,PAYG-PAY-20260501-EMP-RILEY-RETAIL-CASUAL
099999123452,01/05/2026,PAYG WITHHOLDING REMITTANCE ATO Priya Retail Supervisor PAY-20260501-EMP-PRIYA-RETAIL-SUP,174.00,,278734.73,PAYROLL_TAX,PAYG-PAY-20260501-EMP-PRIYA-RETAIL-SUP
099999123452,01/05/2026,PAYG WITHHOLDING REMITTANCE ATO Marco Hospitality Casual PAY-20260501-EMP-MARCO-HOSP-CASUAL,15.00,,278908.73,PAYROLL_TAX,PAYG-PAY-20260501-EMP-MARCO-HOSP-CASUAL
099999123452,01/05/2026,PAYG WITHHOLDING REMITTANCE ATO Hana Cafe Part-time PAY-20260501-EMP-HANA-CAFE-PARTTIME,26.00,,278923.73,PAYROLL_TAX,PAYG-PAY-20260501-EMP-HANA-CAFE-PARTTIME
099999123452,25/04/2026,WITHDRAWAL-OSKO PAYMENT Peak Local Marketing Pty Ltd CONTRACT-202604,1980.00,,278949.73,PAYMENT,BTP-000039
099999123452,24/04/2026,SUPER CLEARING HOUSE Riley Retail Casual PAY-20260424-EMP-RILEY-RETAIL-CASUAL,99.57,,280929.73,SUPER,SUPER-PAY-20260424-EMP-RILEY-RETAIL-CASUAL
099999123452,24/04/2026,SUPER CLEARING HOUSE Priya Retail Supervisor PAY-20260424-EMP-PRIYA-RETAIL-SUP,128.23,,281029.30,SUPER,SUPER-PAY-20260424-EMP-PRIYA-RETAIL-SUP
099999123452,24/04/2026,SUPER CLEARING HOUSE Marco Hospitality Casual PAY-20260424-EMP-MARCO-HOSP-CASUAL,31.02,,281157.53,SUPER,SUPER-PAY-20260424-EMP-MARCO-HOSP-CASUAL
099999123452,24/04/2026,SUPER CLEARING HOUSE Hana Cafe Part-time PAY-20260424-EMP-HANA-CAFE-PARTTIME,62.04,,281188.55,SUPER,SUPER-PAY-20260424-EMP-HANA-CAFE-PARTTIME
099999123452,24/04/2026,PAYROLL NET WAGE Riley Retail Casual PAY-20260424-EMP-RILEY-RETAIL-CASUAL,726.75,,281250.59,PAYROLL,PAYNET-PAY-20260424-EMP-RILEY-RETAIL-CASUAL
099999123452,24/04/2026,PAYROLL NET WAGE Priya Retail Supervisor PAY-20260424-EMP-PRIYA-RETAIL-SUP,894.56,,281977.34,PAYROLL,PAYNET-PAY-20260424-EMP-PRIYA-RETAIL-SUP
099999123452,24/04/2026,PAYROLL NET WAGE Marco Hospitality Casual PAY-20260424-EMP-MARCO-HOSP-CASUAL,258.48,,282871.90,PAYROLL,PAYNET-PAY-20260424-EMP-MARCO-HOSP-CASUAL
099999123452,24/04/2026,PAYROLL NET WAGE Hana Cafe Part-time PAY-20260424-EMP-HANA-CAFE-PARTTIME,491.00,,283130.38,PAYROLL,PAYNET-PAY-20260424-EMP-HANA-CAFE-PARTTIME
099999123452,24/04/2026,PAYG WITHHOLDING REMITTANCE ATO Riley Retail Casual PAY-20260424-EMP-RILEY-RETAIL-CASUAL,103.00,,283621.38,PAYROLL_TAX,PAYG-PAY-20260424-EMP-RILEY-RETAIL-CASUAL
099999123452,24/04/2026,PAYG WITHHOLDING REMITTANCE ATO Priya Retail Supervisor PAY-20260424-EMP-PRIYA-RETAIL-SUP,174.00,,283724.38,PAYROLL_TAX,PAYG-PAY-20260424-EMP-PRIYA-RETAIL-SUP
099999123452,24/04/2026,PAYG WITHHOLDING REMITTANCE ATO Hana Cafe Part-time PAY-20260424-EMP-HANA-CAFE-PARTTIME,26.00,,283898.38,PAYROLL_TAX,PAYG-PAY-20260424-EMP-HANA-CAFE-PARTTIME
099999123452,22/04/2026,WITHDRAWAL-OSKO PAYMENT Cloud Software Vendors SOFT-202604,1045.00,,283924.38,PAYMENT,BTP-000038
099999123452,18/04/2026,DEPOSIT OSKO PAYMENT Retail Client B INV-010,,48950.00,284969.38,DEP,BTR-000010
099999123452,17/04/2026,SUPER CLEARING HOUSE Riley Retail Casual PAY-20260417-EMP-RILEY-RETAIL-CASUAL,99.57,,236019.38,SUPER,SUPER-PAY-20260417-EMP-RILEY-RETAIL-CASUAL
099999123452,17/04/2026,SUPER CLEARING HOUSE Priya Retail Supervisor PAY-20260417-EMP-PRIYA-RETAIL-SUP,128.23,,236118.95,SUPER,SUPER-PAY-20260417-EMP-PRIYA-RETAIL-SUP
099999123452,17/04/2026,SUPER CLEARING HOUSE Marco Hospitality Casual PAY-20260417-EMP-MARCO-HOSP-CASUAL,31.02,,236247.18,SUPER,SUPER-PAY-20260417-EMP-MARCO-HOSP-CASUAL
099999123452,17/04/2026,SUPER CLEARING HOUSE Hana Cafe Part-time PAY-20260417-EMP-HANA-CAFE-PARTTIME,62.04,,236278.20,SUPER,SUPER-PAY-20260417-EMP-HANA-CAFE-PARTTIME
099999123452,17/04/2026,PAYROLL NET WAGE Riley Retail Casual PAY-20260417-EMP-RILEY-RETAIL-CASUAL,726.75,,236340.24,PAYROLL,PAYNET-PAY-20260417-EMP-RILEY-RETAIL-CASUAL
099999123452,17/04/2026,PAYROLL NET WAGE Priya Retail Supervisor PAY-20260417-EMP-PRIYA-RETAIL-SUP,894.56,,237066.99,PAYROLL,PAYNET-PAY-20260417-EMP-PRIYA-RETAIL-SUP
099999123452,17/04/2026,PAYROLL NET WAGE Marco Hospitality Casual PAY-20260417-EMP-MARCO-HOSP-CASUAL,258.48,,237961.55,PAYROLL,PAYNET-PAY-20260417-EMP-MARCO-HOSP-CASUAL
099999123452,17/04/2026,PAYROLL NET WAGE Hana Cafe Part-time PAY-20260417-EMP-HANA-CAFE-PARTTIME,491.00,,238220.03,PAYROLL,PAYNET-PAY-20260417-EMP-HANA-CAFE-PARTTIME
099999123452,17/04/2026,PAYG WITHHOLDING REMITTANCE ATO Riley Retail Casual PAY-20260417-EMP-RILEY-RETAIL-CASUAL,103.00,,238711.03,PAYROLL_TAX,PAYG-PAY-20260417-EMP-RILEY-RETAIL-CASUAL
099999123452,17/04/2026,PAYG WITHHOLDING REMITTANCE ATO Priya Retail Supervisor PAY-20260417-EMP-PRIYA-RETAIL-SUP,174.00,,238814.03,PAYROLL_TAX,PAYG-PAY-20260417-EMP-PRIYA-RETAIL-SUP
099999123452,17/04/2026,PAYG WITHHOLDING REMITTANCE ATO Hana Cafe Part-time PAY-20260417-EMP-HANA-CAFE-PARTTIME,26.00,,238988.03,PAYROLL_TAX,PAYG-PAY-20260417-EMP-HANA-CAFE-PARTTIME
099999123452,16/04/2026,WITHDRAWAL-OSKO PAYMENT Harbour Property Trust RENT-202604,8580.00,,239014.03,PAYMENT,BTP-000037
099999123452,10/04/2026,SUPER CLEARING HOUSE Riley Retail Casual PAY-20260410-EMP-RILEY-RETAIL-CASUAL,99.57,,247594.03,SUPER,SUPER-PAY-20260410-EMP-RILEY-RETAIL-CASUAL
099999123452,10/04/2026,SUPER CLEARING HOUSE Priya Retail Supervisor PAY-20260410-EMP-PRIYA-RETAIL-SUP,128.23,,247693.60,SUPER,SUPER-PAY-20260410-EMP-PRIYA-RETAIL-SUP
099999123452,10/04/2026,SUPER CLEARING HOUSE Marco Hospitality Casual PAY-20260410-EMP-MARCO-HOSP-CASUAL,31.02,,247821.83,SUPER,SUPER-PAY-20260410-EMP-MARCO-HOSP-CASUAL
099999123452,10/04/2026,SUPER CLEARING HOUSE Hana Cafe Part-time PAY-20260410-EMP-HANA-CAFE-PARTTIME,62.04,,247852.85,SUPER,SUPER-PAY-20260410-EMP-HANA-CAFE-PARTTIME
099999123452,10/04/2026,PAYROLL NET WAGE Riley Retail Casual PAY-20260410-EMP-RILEY-RETAIL-CASUAL,726.75,,247914.89,PAYROLL,PAYNET-PAY-20260410-EMP-RILEY-RETAIL-CASUAL
099999123452,10/04/2026,PAYROLL NET WAGE Priya Retail Supervisor PAY-20260410-EMP-PRIYA-RETAIL-SUP,894.56,,248641.64,PAYROLL,PAYNET-PAY-20260410-EMP-PRIYA-RETAIL-SUP
099999123452,10/04/2026,PAYROLL NET WAGE Marco Hospitality Casual PAY-20260410-EMP-MARCO-HOSP-CASUAL,258.48,,249536.20,PAYROLL,PAYNET-PAY-20260410-EMP-MARCO-HOSP-CASUAL
099999123452,10/04/2026,PAYROLL NET WAGE Hana Cafe Part-time PAY-20260410-EMP-HANA-CAFE-PARTTIME,491.00,,249794.68,PAYROLL,PAYNET-PAY-20260410-EMP-HANA-CAFE-PARTTIME
099999123452,10/04/2026,PAYG WITHHOLDING REMITTANCE ATO Riley Retail Casual PAY-20260410-EMP-RILEY-RETAIL-CASUAL,103.00,,250285.68,PAYROLL_TAX,PAYG-PAY-20260410-EMP-RILEY-RETAIL-CASUAL
099999123452,10/04/2026,PAYG WITHHOLDING REMITTANCE ATO Priya Retail Supervisor PAY-20260410-EMP-PRIYA-RETAIL-SUP,174.00,,250388.68,PAYROLL_TAX,PAYG-PAY-20260410-EMP-PRIYA-RETAIL-SUP
099999123452,10/04/2026,PAYG WITHHOLDING REMITTANCE ATO Hana Cafe Part-time PAY-20260410-EMP-HANA-CAFE-PARTTIME,26.00,,250562.68,PAYROLL_TAX,PAYG-PAY-20260410-EMP-HANA-CAFE-PARTTIME
099999123452,03/04/2026,SUPER CLEARING HOUSE Riley Retail Casual PAY-20260403-EMP-RILEY-RETAIL-CASUAL,99.57,,250588.68,SUPER,SUPER-PAY-20260403-EMP-RILEY-RETAIL-CASUAL
099999123452,03/04/2026,SUPER CLEARING HOUSE Priya Retail Supervisor PAY-20260403-EMP-PRIYA-RETAIL-SUP,128.23,,250688.25,SUPER,SUPER-PAY-20260403-EMP-PRIYA-RETAIL-SUP
099999123452,03/04/2026,SUPER CLEARING HOUSE Marco Hospitality Casual PAY-20260403-EMP-MARCO-HOSP-CASUAL,54.29,,250816.48,SUPER,SUPER-PAY-20260403-EMP-MARCO-HOSP-CASUAL
099999123452,03/04/2026,SUPER CLEARING HOUSE Hana Cafe Part-time PAY-20260403-EMP-HANA-CAFE-PARTTIME,62.04,,250870.77,SUPER,SUPER-PAY-20260403-EMP-HANA-CAFE-PARTTIME
099999123452,03/04/2026,PAYROLL NET WAGE Riley Retail Casual PAY-20260403-EMP-RILEY-RETAIL-CASUAL,726.75,,250932.81,PAYROLL,PAYNET-PAY-20260403-EMP-RILEY-RETAIL-CASUAL
099999123452,03/04/2026,PAYROLL NET WAGE Priya Retail Supervisor PAY-20260403-EMP-PRIYA-RETAIL-SUP,894.56,,251659.56,PAYROLL,PAYNET-PAY-20260403-EMP-PRIYA-RETAIL-SUP
099999123452,03/04/2026,PAYROLL NET WAGE Marco Hospitality Casual PAY-20260403-EMP-MARCO-HOSP-CASUAL,437.38,,252554.12,PAYROLL,PAYNET-PAY-20260403-EMP-MARCO-HOSP-CASUAL
099999123452,03/04/2026,PAYROLL NET WAGE Hana Cafe Part-time PAY-20260403-EMP-HANA-CAFE-PARTTIME,491.00,,252991.50,PAYROLL,PAYNET-PAY-20260403-EMP-HANA-CAFE-PARTTIME
099999123452,03/04/2026,PAYG WITHHOLDING REMITTANCE ATO Riley Retail Casual PAY-20260403-EMP-RILEY-RETAIL-CASUAL,103.00,,253482.50,PAYROLL_TAX,PAYG-PAY-20260403-EMP-RILEY-RETAIL-CASUAL
099999123452,03/04/2026,PAYG WITHHOLDING REMITTANCE ATO Priya Retail Supervisor PAY-20260403-EMP-PRIYA-RETAIL-SUP,174.00,,253585.50,PAYROLL_TAX,PAYG-PAY-20260403-EMP-PRIYA-RETAIL-SUP
099999123452,03/04/2026,PAYG WITHHOLDING REMITTANCE ATO Marco Hospitality Casual PAY-20260403-EMP-MARCO-HOSP-CASUAL,15.00,,253759.50,PAYROLL_TAX,PAYG-PAY-20260403-EMP-MARCO-HOSP-CASUAL
099999123452,03/04/2026,PAYG WITHHOLDING REMITTANCE ATO Hana Cafe Part-time PAY-20260403-EMP-HANA-CAFE-PARTTIME,26.00,,253774.50,PAYROLL_TAX,PAYG-PAY-20260403-EMP-HANA-CAFE-PARTTIME
099999123452,03/04/2026,WITHDRAWAL-OSKO PAYMENT Bank BANKFEE-202603,35.00,,253800.50,PAYMENT,BTP-000036
099999123452,27/03/2026,SUPER CLEARING HOUSE Riley Retail Casual PAY-20260327-EMP-RILEY-RETAIL-CASUAL,99.57,,253835.50,SUPER,SUPER-PAY-20260327-EMP-RILEY-RETAIL-CASUAL
099999123452,27/03/2026,SUPER CLEARING HOUSE Priya Retail Supervisor PAY-20260327-EMP-PRIYA-RETAIL-SUP,128.23,,253935.07,SUPER,SUPER-PAY-20260327-EMP-PRIYA-RETAIL-SUP
099999123452,27/03/2026,SUPER CLEARING HOUSE Marco Hospitality Casual PAY-20260327-EMP-MARCO-HOSP-CASUAL,62.04,,254063.30,SUPER,SUPER-PAY-20260327-EMP-MARCO-HOSP-CASUAL
099999123452,27/03/2026,SUPER CLEARING HOUSE Hana Cafe Part-time PAY-20260327-EMP-HANA-CAFE-PARTTIME,62.04,,254125.34,SUPER,SUPER-PAY-20260327-EMP-HANA-CAFE-PARTTIME
099999123452,27/03/2026,PAYROLL NET WAGE Riley Retail Casual PAY-20260327-EMP-RILEY-RETAIL-CASUAL,726.75,,254187.38,PAYROLL,PAYNET-PAY-20260327-EMP-RILEY-RETAIL-CASUAL
099999123452,27/03/2026,PAYROLL NET WAGE Priya Retail Supervisor PAY-20260327-EMP-PRIYA-RETAIL-SUP,894.56,,254914.13,PAYROLL,PAYNET-PAY-20260327-EMP-PRIYA-RETAIL-SUP
099999123452,27/03/2026,PAYROLL NET WAGE Marco Hospitality Casual PAY-20260327-EMP-MARCO-HOSP-CASUAL,491.00,,255808.69,PAYROLL,PAYNET-PAY-20260327-EMP-MARCO-HOSP-CASUAL
099999123452,27/03/2026,PAYROLL NET WAGE Hana Cafe Part-time PAY-20260327-EMP-HANA-CAFE-PARTTIME,491.00,,256299.69,PAYROLL,PAYNET-PAY-20260327-EMP-HANA-CAFE-PARTTIME
099999123452,27/03/2026,PAYG WITHHOLDING REMITTANCE ATO Riley Retail Casual PAY-20260327-EMP-RILEY-RETAIL-CASUAL,103.00,,256790.69,PAYROLL_TAX,PAYG-PAY-20260327-EMP-RILEY-RETAIL-CASUAL
099999123452,27/03/2026,PAYG WITHHOLDING REMITTANCE ATO Priya Retail Supervisor PAY-20260327-EMP-PRIYA-RETAIL-SUP,174.00,,256893.69,PAYROLL_TAX,PAYG-PAY-20260327-EMP-PRIYA-RETAIL-SUP
099999123452,27/03/2026,PAYG WITHHOLDING REMITTANCE ATO Marco Hospitality Casual PAY-20260327-EMP-MARCO-HOSP-CASUAL,26.00,,257067.69,PAYROLL_TAX,PAYG-PAY-20260327-EMP-MARCO-HOSP-CASUAL
099999123452,27/03/2026,PAYG WITHHOLDING REMITTANCE ATO Hana Cafe Part-time PAY-20260327-EMP-HANA-CAFE-PARTTIME,26.00,,257093.69,PAYROLL_TAX,PAYG-PAY-20260327-EMP-HANA-CAFE-PARTTIME
099999123452,25/03/2026,WITHDRAWAL-OSKO PAYMENT Peak Local Marketing Pty Ltd CONTRACT-202603,1980.00,,257119.69,PAYMENT,BTP-000035
099999123452,22/03/2026,WITHDRAWAL-OSKO PAYMENT Cloud Software Vendors SOFT-202603,1045.00,,259099.69,PAYMENT,BTP-000034
099999123452,20/03/2026,SUPER CLEARING HOUSE Riley Retail Casual PAY-20260320-EMP-RILEY-RETAIL-CASUAL,99.57,,260144.69,SUPER,SUPER-PAY-20260320-EMP-RILEY-RETAIL-CASUAL
099999123452,20/03/2026,SUPER CLEARING HOUSE Priya Retail Supervisor PAY-20260320-EMP-PRIYA-RETAIL-SUP,128.23,,260244.26,SUPER,SUPER-PAY-20260320-EMP-PRIYA-RETAIL-SUP
099999123452,20/03/2026,SUPER CLEARING HOUSE Marco Hospitality Casual PAY-20260320-EMP-MARCO-HOSP-CASUAL,31.02,,260372.49,SUPER,SUPER-PAY-20260320-EMP-MARCO-HOSP-CASUAL
099999123452,20/03/2026,SUPER CLEARING HOUSE Hana Cafe Part-time PAY-20260320-EMP-HANA-CAFE-PARTTIME,62.04,,260403.51,SUPER,SUPER-PAY-20260320-EMP-HANA-CAFE-PARTTIME
099999123452,20/03/2026,PAYROLL NET WAGE Riley Retail Casual PAY-20260320-EMP-RILEY-RETAIL-CASUAL,726.75,,260465.55,PAYROLL,PAYNET-PAY-20260320-EMP-RILEY-RETAIL-CASUAL
099999123452,20/03/2026,PAYROLL NET WAGE Priya Retail Supervisor PAY-20260320-EMP-PRIYA-RETAIL-SUP,894.56,,261192.30,PAYROLL,PAYNET-PAY-20260320-EMP-PRIYA-RETAIL-SUP
099999123452,20/03/2026,PAYROLL NET WAGE Marco Hospitality Casual PAY-20260320-EMP-MARCO-HOSP-CASUAL,258.48,,262086.86,PAYROLL,PAYNET-PAY-20260320-EMP-MARCO-HOSP-CASUAL
099999123452,20/03/2026,PAYROLL NET WAGE Hana Cafe Part-time PAY-20260320-EMP-HANA-CAFE-PARTTIME,491.00,,262345.34,PAYROLL,PAYNET-PAY-20260320-EMP-HANA-CAFE-PARTTIME
099999123452,20/03/2026,PAYG WITHHOLDING REMITTANCE ATO Riley Retail Casual PAY-20260320-EMP-RILEY-RETAIL-CASUAL,103.00,,262836.34,PAYROLL_TAX,PAYG-PAY-20260320-EMP-RILEY-RETAIL-CASUAL
099999123452,20/03/2026,PAYG WITHHOLDING REMITTANCE ATO Priya Retail Supervisor PAY-20260320-EMP-PRIYA-RETAIL-SUP,174.00,,262939.34,PAYROLL_TAX,PAYG-PAY-20260320-EMP-PRIYA-RETAIL-SUP
099999123452,20/03/2026,PAYG WITHHOLDING REMITTANCE ATO Hana Cafe Part-time PAY-20260320-EMP-HANA-CAFE-PARTTIME,26.00,,263113.34,PAYROLL_TAX,PAYG-PAY-20260320-EMP-HANA-CAFE-PARTTIME
099999123452,18/03/2026,DEPOSIT OSKO PAYMENT Retail Client A INV-009,,48675.00,263139.34,DEP,BTR-000009
099999123452,16/03/2026,WITHDRAWAL-OSKO PAYMENT Harbour Property Trust RENT-202603,8580.00,,214464.34,PAYMENT,BTP-000033
099999123452,13/03/2026,SUPER CLEARING HOUSE Riley Retail Casual PAY-20260313-EMP-RILEY-RETAIL-CASUAL,99.57,,223044.34,SUPER,SUPER-PAY-20260313-EMP-RILEY-RETAIL-CASUAL
099999123452,13/03/2026,SUPER CLEARING HOUSE Priya Retail Supervisor PAY-20260313-EMP-PRIYA-RETAIL-SUP,128.23,,223143.91,SUPER,SUPER-PAY-20260313-EMP-PRIYA-RETAIL-SUP
099999123452,13/03/2026,SUPER CLEARING HOUSE Marco Hospitality Casual PAY-20260313-EMP-MARCO-HOSP-CASUAL,31.02,,223272.14,SUPER,SUPER-PAY-20260313-EMP-MARCO-HOSP-CASUAL
099999123452,13/03/2026,SUPER CLEARING HOUSE Hana Cafe Part-time PAY-20260313-EMP-HANA-CAFE-PARTTIME,62.04,,223303.16,SUPER,SUPER-PAY-20260313-EMP-HANA-CAFE-PARTTIME
099999123452,13/03/2026,PAYROLL NET WAGE Riley Retail Casual PAY-20260313-EMP-RILEY-RETAIL-CASUAL,726.75,,223365.20,PAYROLL,PAYNET-PAY-20260313-EMP-RILEY-RETAIL-CASUAL
099999123452,13/03/2026,PAYROLL NET WAGE Priya Retail Supervisor PAY-20260313-EMP-PRIYA-RETAIL-SUP,894.56,,224091.95,PAYROLL,PAYNET-PAY-20260313-EMP-PRIYA-RETAIL-SUP
099999123452,13/03/2026,PAYROLL NET WAGE Marco Hospitality Casual PAY-20260313-EMP-MARCO-HOSP-CASUAL,258.48,,224986.51,PAYROLL,PAYNET-PAY-20260313-EMP-MARCO-HOSP-CASUAL
099999123452,13/03/2026,PAYROLL NET WAGE Hana Cafe Part-time PAY-20260313-EMP-HANA-CAFE-PARTTIME,491.00,,225244.99,PAYROLL,PAYNET-PAY-20260313-EMP-HANA-CAFE-PARTTIME
099999123452,13/03/2026,PAYG WITHHOLDING REMITTANCE ATO Riley Retail Casual PAY-20260313-EMP-RILEY-RETAIL-CASUAL,103.00,,225735.99,PAYROLL_TAX,PAYG-PAY-20260313-EMP-RILEY-RETAIL-CASUAL
099999123452,13/03/2026,PAYG WITHHOLDING REMITTANCE ATO Priya Retail Supervisor PAY-20260313-EMP-PRIYA-RETAIL-SUP,174.00,,225838.99,PAYROLL_TAX,PAYG-PAY-20260313-EMP-PRIYA-RETAIL-SUP
099999123452,13/03/2026,PAYG WITHHOLDING REMITTANCE ATO Hana Cafe Part-time PAY-20260313-EMP-HANA-CAFE-PARTTIME,26.00,,226012.99,PAYROLL_TAX,PAYG-PAY-20260313-EMP-HANA-CAFE-PARTTIME
099999123452,06/03/2026,SUPER CLEARING HOUSE Riley Retail Casual PAY-20260306-EMP-RILEY-RETAIL-CASUAL,99.57,,226038.99,SUPER,SUPER-PAY-20260306-EMP-RILEY-RETAIL-CASUAL
099999123452,06/03/2026,SUPER CLEARING HOUSE Priya Retail Supervisor PAY-20260306-EMP-PRIYA-RETAIL-SUP,128.23,,226138.56,SUPER,SUPER-PAY-20260306-EMP-PRIYA-RETAIL-SUP
099999123452,06/03/2026,SUPER CLEARING HOUSE Marco Hospitality Casual PAY-20260306-EMP-MARCO-HOSP-CASUAL,54.29,,226266.79,SUPER,SUPER-PAY-20260306-EMP-MARCO-HOSP-CASUAL
099999123452,06/03/2026,SUPER CLEARING HOUSE Hana Cafe Part-time PAY-20260306-EMP-HANA-CAFE-PARTTIME,62.04,,226321.08,SUPER,SUPER-PAY-20260306-EMP-HANA-CAFE-PARTTIME
099999123452,06/03/2026,PAYROLL NET WAGE Riley Retail Casual PAY-20260306-EMP-RILEY-RETAIL-CASUAL,726.75,,226383.12,PAYROLL,PAYNET-PAY-20260306-EMP-RILEY-RETAIL-CASUAL
099999123452,06/03/2026,PAYROLL NET WAGE Priya Retail Supervisor PAY-20260306-EMP-PRIYA-RETAIL-SUP,894.56,,227109.87,PAYROLL,PAYNET-PAY-20260306-EMP-PRIYA-RETAIL-SUP
099999123452,06/03/2026,PAYROLL NET WAGE Marco Hospitality Casual PAY-20260306-EMP-MARCO-HOSP-CASUAL,437.38,,228004.43,PAYROLL,PAYNET-PAY-20260306-EMP-MARCO-HOSP-CASUAL
099999123452,06/03/2026,PAYROLL NET WAGE Hana Cafe Part-time PAY-20260306-EMP-HANA-CAFE-PARTTIME,491.00,,228441.81,PAYROLL,PAYNET-PAY-20260306-EMP-HANA-CAFE-PARTTIME
099999123452,06/03/2026,PAYG WITHHOLDING REMITTANCE ATO Riley Retail Casual PAY-20260306-EMP-RILEY-RETAIL-CASUAL,103.00,,228932.81,PAYROLL_TAX,PAYG-PAY-20260306-EMP-RILEY-RETAIL-CASUAL
099999123452,06/03/2026,PAYG WITHHOLDING REMITTANCE ATO Priya Retail Supervisor PAY-20260306-EMP-PRIYA-RETAIL-SUP,174.00,,229035.81,PAYROLL_TAX,PAYG-PAY-20260306-EMP-PRIYA-RETAIL-SUP
099999123452,06/03/2026,PAYG WITHHOLDING REMITTANCE ATO Marco Hospitality Casual PAY-20260306-EMP-MARCO-HOSP-CASUAL,15.00,,229209.81,PAYROLL_TAX,PAYG-PAY-20260306-EMP-MARCO-HOSP-CASUAL
099999123452,06/03/2026,PAYG WITHHOLDING REMITTANCE ATO Hana Cafe Part-time PAY-20260306-EMP-HANA-CAFE-PARTTIME,26.00,,229224.81,PAYROLL_TAX,PAYG-PAY-20260306-EMP-HANA-CAFE-PARTTIME
099999123452,06/03/2026,WITHDRAWAL-OSKO PAYMENT Bank BANKFEE-202602,35.00,,229250.81,PAYMENT,BTP-000032
099999123452,27/02/2026,SUPER CLEARING HOUSE Riley Retail Casual PAY-20260227-EMP-RILEY-RETAIL-CASUAL,99.57,,229285.81,SUPER,SUPER-PAY-20260227-EMP-RILEY-RETAIL-CASUAL
099999123452,27/02/2026,SUPER CLEARING HOUSE Priya Retail Supervisor PAY-20260227-EMP-PRIYA-RETAIL-SUP,128.23,,229385.38,SUPER,SUPER-PAY-20260227-EMP-PRIYA-RETAIL-SUP
099999123452,27/02/2026,SUPER CLEARING HOUSE Marco Hospitality Casual PAY-20260227-EMP-MARCO-HOSP-CASUAL,31.02,,229513.61,SUPER,SUPER-PAY-20260227-EMP-MARCO-HOSP-CASUAL
099999123452,27/02/2026,SUPER CLEARING HOUSE Hana Cafe Part-time PAY-20260227-EMP-HANA-CAFE-PARTTIME,62.04,,229544.63,SUPER,SUPER-PAY-20260227-EMP-HANA-CAFE-PARTTIME
099999123452,27/02/2026,PAYROLL NET WAGE Riley Retail Casual PAY-20260227-EMP-RILEY-RETAIL-CASUAL,726.75,,229606.67,PAYROLL,PAYNET-PAY-20260227-EMP-RILEY-RETAIL-CASUAL
099999123452,27/02/2026,PAYROLL NET WAGE Priya Retail Supervisor PAY-20260227-EMP-PRIYA-RETAIL-SUP,894.56,,230333.42,PAYROLL,PAYNET-PAY-20260227-EMP-PRIYA-RETAIL-SUP
099999123452,27/02/2026,PAYROLL NET WAGE Marco Hospitality Casual PAY-20260227-EMP-MARCO-HOSP-CASUAL,258.48,,231227.98,PAYROLL,PAYNET-PAY-20260227-EMP-MARCO-HOSP-CASUAL
099999123452,27/02/2026,PAYROLL NET WAGE Hana Cafe Part-time PAY-20260227-EMP-HANA-CAFE-PARTTIME,491.00,,231486.46,PAYROLL,PAYNET-PAY-20260227-EMP-HANA-CAFE-PARTTIME
099999123452,27/02/2026,PAYG WITHHOLDING REMITTANCE ATO Riley Retail Casual PAY-20260227-EMP-RILEY-RETAIL-CASUAL,103.00,,231977.46,PAYROLL_TAX,PAYG-PAY-20260227-EMP-RILEY-RETAIL-CASUAL
099999123452,27/02/2026,PAYG WITHHOLDING REMITTANCE ATO Priya Retail Supervisor PAY-20260227-EMP-PRIYA-RETAIL-SUP,174.00,,232080.46,PAYROLL_TAX,PAYG-PAY-20260227-EMP-PRIYA-RETAIL-SUP
099999123452,27/02/2026,PAYG WITHHOLDING REMITTANCE ATO Hana Cafe Part-time PAY-20260227-EMP-HANA-CAFE-PARTTIME,26.00,,232254.46,PAYROLL_TAX,PAYG-PAY-20260227-EMP-HANA-CAFE-PARTTIME
099999123452,25/02/2026,WITHDRAWAL-OSKO PAYMENT Peak Local Marketing Pty Ltd CONTRACT-202602,1980.00,,232280.46,PAYMENT,BTP-000031
099999123452,22/02/2026,WITHDRAWAL-OSKO PAYMENT Cloud Software Vendors SOFT-202602,1045.00,,234260.46,PAYMENT,BTP-000030
099999123452,20/02/2026,SUPER CLEARING HOUSE Riley Retail Casual PAY-20260220-EMP-RILEY-RETAIL-CASUAL,99.57,,235305.46,SUPER,SUPER-PAY-20260220-EMP-RILEY-RETAIL-CASUAL
099999123452,20/02/2026,SUPER CLEARING HOUSE Priya Retail Supervisor PAY-20260220-EMP-PRIYA-RETAIL-SUP,128.23,,235405.03,SUPER,SUPER-PAY-20260220-EMP-PRIYA-RETAIL-SUP
099999123452,20/02/2026,SUPER CLEARING HOUSE Marco Hospitality Casual PAY-20260220-EMP-MARCO-HOSP-CASUAL,31.02,,235533.26,SUPER,SUPER-PAY-20260220-EMP-MARCO-HOSP-CASUAL
099999123452,20/02/2026,SUPER CLEARING HOUSE Hana Cafe Part-time PAY-20260220-EMP-HANA-CAFE-PARTTIME,62.04,,235564.28,SUPER,SUPER-PAY-20260220-EMP-HANA-CAFE-PARTTIME
099999123452,20/02/2026,PAYROLL NET WAGE Riley Retail Casual PAY-20260220-EMP-RILEY-RETAIL-CASUAL,726.75,,235626.32,PAYROLL,PAYNET-PAY-20260220-EMP-RILEY-RETAIL-CASUAL
099999123452,20/02/2026,PAYROLL NET WAGE Priya Retail Supervisor PAY-20260220-EMP-PRIYA-RETAIL-SUP,894.56,,236353.07,PAYROLL,PAYNET-PAY-20260220-EMP-PRIYA-RETAIL-SUP
099999123452,20/02/2026,PAYROLL NET WAGE Marco Hospitality Casual PAY-20260220-EMP-MARCO-HOSP-CASUAL,258.48,,237247.63,PAYROLL,PAYNET-PAY-20260220-EMP-MARCO-HOSP-CASUAL
099999123452,20/02/2026,PAYROLL NET WAGE Hana Cafe Part-time PAY-20260220-EMP-HANA-CAFE-PARTTIME,491.00,,237506.11,PAYROLL,PAYNET-PAY-20260220-EMP-HANA-CAFE-PARTTIME
099999123452,20/02/2026,PAYG WITHHOLDING REMITTANCE ATO Riley Retail Casual PAY-20260220-EMP-RILEY-RETAIL-CASUAL,103.00,,237997.11,PAYROLL_TAX,PAYG-PAY-20260220-EMP-RILEY-RETAIL-CASUAL
099999123452,20/02/2026,PAYG WITHHOLDING REMITTANCE ATO Priya Retail Supervisor PAY-20260220-EMP-PRIYA-RETAIL-SUP,174.00,,238100.11,PAYROLL_TAX,PAYG-PAY-20260220-EMP-PRIYA-RETAIL-SUP
099999123452,20/02/2026,PAYG WITHHOLDING REMITTANCE ATO Hana Cafe Part-time PAY-20260220-EMP-HANA-CAFE-PARTTIME,26.00,,238274.11,PAYROLL_TAX,PAYG-PAY-20260220-EMP-HANA-CAFE-PARTTIME
099999123452,18/02/2026,DEPOSIT OSKO PAYMENT Retail Client C INV-008,,48400.00,238300.11,DEP,BTR-000008
099999123452,16/02/2026,WITHDRAWAL-OSKO PAYMENT Harbour Property Trust RENT-202602,8580.00,,189900.11,PAYMENT,BTP-000029
099999123452,13/02/2026,SUPER CLEARING HOUSE Riley Retail Casual PAY-20260213-EMP-RILEY-RETAIL-CASUAL,99.57,,198480.11,SUPER,SUPER-PAY-20260213-EMP-RILEY-RETAIL-CASUAL
099999123452,13/02/2026,SUPER CLEARING HOUSE Priya Retail Supervisor PAY-20260213-EMP-PRIYA-RETAIL-SUP,128.23,,198579.68,SUPER,SUPER-PAY-20260213-EMP-PRIYA-RETAIL-SUP
099999123452,13/02/2026,SUPER CLEARING HOUSE Marco Hospitality Casual PAY-20260213-EMP-MARCO-HOSP-CASUAL,31.02,,198707.91,SUPER,SUPER-PAY-20260213-EMP-MARCO-HOSP-CASUAL
099999123452,13/02/2026,SUPER CLEARING HOUSE Hana Cafe Part-time PAY-20260213-EMP-HANA-CAFE-PARTTIME,62.04,,198738.93,SUPER,SUPER-PAY-20260213-EMP-HANA-CAFE-PARTTIME
099999123452,13/02/2026,PAYROLL NET WAGE Riley Retail Casual PAY-20260213-EMP-RILEY-RETAIL-CASUAL,726.75,,198800.97,PAYROLL,PAYNET-PAY-20260213-EMP-RILEY-RETAIL-CASUAL
099999123452,13/02/2026,PAYROLL NET WAGE Priya Retail Supervisor PAY-20260213-EMP-PRIYA-RETAIL-SUP,894.56,,199527.72,PAYROLL,PAYNET-PAY-20260213-EMP-PRIYA-RETAIL-SUP
099999123452,13/02/2026,PAYROLL NET WAGE Marco Hospitality Casual PAY-20260213-EMP-MARCO-HOSP-CASUAL,258.48,,200422.28,PAYROLL,PAYNET-PAY-20260213-EMP-MARCO-HOSP-CASUAL
099999123452,13/02/2026,PAYROLL NET WAGE Hana Cafe Part-time PAY-20260213-EMP-HANA-CAFE-PARTTIME,491.00,,200680.76,PAYROLL,PAYNET-PAY-20260213-EMP-HANA-CAFE-PARTTIME
099999123452,13/02/2026,PAYG WITHHOLDING REMITTANCE ATO Riley Retail Casual PAY-20260213-EMP-RILEY-RETAIL-CASUAL,103.00,,201171.76,PAYROLL_TAX,PAYG-PAY-20260213-EMP-RILEY-RETAIL-CASUAL
099999123452,13/02/2026,PAYG WITHHOLDING REMITTANCE ATO Priya Retail Supervisor PAY-20260213-EMP-PRIYA-RETAIL-SUP,174.00,,201274.76,PAYROLL_TAX,PAYG-PAY-20260213-EMP-PRIYA-RETAIL-SUP
099999123452,13/02/2026,PAYG WITHHOLDING REMITTANCE ATO Hana Cafe Part-time PAY-20260213-EMP-HANA-CAFE-PARTTIME,26.00,,201448.76,PAYROLL_TAX,PAYG-PAY-20260213-EMP-HANA-CAFE-PARTTIME
099999123452,06/02/2026,SUPER CLEARING HOUSE Riley Retail Casual PAY-20260206-EMP-RILEY-RETAIL-CASUAL,99.57,,201474.76,SUPER,SUPER-PAY-20260206-EMP-RILEY-RETAIL-CASUAL
099999123452,06/02/2026,SUPER CLEARING HOUSE Priya Retail Supervisor PAY-20260206-EMP-PRIYA-RETAIL-SUP,128.23,,201574.33,SUPER,SUPER-PAY-20260206-EMP-PRIYA-RETAIL-SUP
099999123452,06/02/2026,SUPER CLEARING HOUSE Marco Hospitality Casual PAY-20260206-EMP-MARCO-HOSP-CASUAL,54.29,,201702.56,SUPER,SUPER-PAY-20260206-EMP-MARCO-HOSP-CASUAL
099999123452,06/02/2026,SUPER CLEARING HOUSE Hana Cafe Part-time PAY-20260206-EMP-HANA-CAFE-PARTTIME,62.04,,201756.85,SUPER,SUPER-PAY-20260206-EMP-HANA-CAFE-PARTTIME
099999123452,06/02/2026,PAYROLL NET WAGE Riley Retail Casual PAY-20260206-EMP-RILEY-RETAIL-CASUAL,726.75,,201818.89,PAYROLL,PAYNET-PAY-20260206-EMP-RILEY-RETAIL-CASUAL
099999123452,06/02/2026,PAYROLL NET WAGE Priya Retail Supervisor PAY-20260206-EMP-PRIYA-RETAIL-SUP,894.56,,202545.64,PAYROLL,PAYNET-PAY-20260206-EMP-PRIYA-RETAIL-SUP
099999123452,06/02/2026,PAYROLL NET WAGE Marco Hospitality Casual PAY-20260206-EMP-MARCO-HOSP-CASUAL,437.38,,203440.20,PAYROLL,PAYNET-PAY-20260206-EMP-MARCO-HOSP-CASUAL
099999123452,06/02/2026,PAYROLL NET WAGE Hana Cafe Part-time PAY-20260206-EMP-HANA-CAFE-PARTTIME,491.00,,203877.58,PAYROLL,PAYNET-PAY-20260206-EMP-HANA-CAFE-PARTTIME
099999123452,06/02/2026,PAYG WITHHOLDING REMITTANCE ATO Riley Retail Casual PAY-20260206-EMP-RILEY-RETAIL-CASUAL,103.00,,204368.58,PAYROLL_TAX,PAYG-PAY-20260206-EMP-RILEY-RETAIL-CASUAL
099999123452,06/02/2026,PAYG WITHHOLDING REMITTANCE ATO Priya Retail Supervisor PAY-20260206-EMP-PRIYA-RETAIL-SUP,174.00,,204471.58,PAYROLL_TAX,PAYG-PAY-20260206-EMP-PRIYA-RETAIL-SUP
099999123452,06/02/2026,PAYG WITHHOLDING REMITTANCE ATO Marco Hospitality Casual PAY-20260206-EMP-MARCO-HOSP-CASUAL,15.00,,204645.58,PAYROLL_TAX,PAYG-PAY-20260206-EMP-MARCO-HOSP-CASUAL
099999123452,06/02/2026,PAYG WITHHOLDING REMITTANCE ATO Hana Cafe Part-time PAY-20260206-EMP-HANA-CAFE-PARTTIME,26.00,,204660.58,PAYROLL_TAX,PAYG-PAY-20260206-EMP-HANA-CAFE-PARTTIME
099999123452,03/02/2026,WITHDRAWAL-OSKO PAYMENT Bank BANKFEE-202601,35.00,,204686.58,PAYMENT,BTP-000028
099999123452,30/01/2026,SUPER CLEARING HOUSE Riley Retail Casual PAY-20260130-EMP-RILEY-RETAIL-CASUAL,99.57,,204721.58,SUPER,SUPER-PAY-20260130-EMP-RILEY-RETAIL-CASUAL
099999123452,30/01/2026,SUPER CLEARING HOUSE Priya Retail Supervisor PAY-20260130-EMP-PRIYA-RETAIL-SUP,128.23,,204821.15,SUPER,SUPER-PAY-20260130-EMP-PRIYA-RETAIL-SUP
099999123452,30/01/2026,SUPER CLEARING HOUSE Marco Hospitality Casual PAY-20260130-EMP-MARCO-HOSP-CASUAL,31.02,,204949.38,SUPER,SUPER-PAY-20260130-EMP-MARCO-HOSP-CASUAL
099999123452,30/01/2026,SUPER CLEARING HOUSE Hana Cafe Part-time PAY-20260130-EMP-HANA-CAFE-PARTTIME,62.04,,204980.40,SUPER,SUPER-PAY-20260130-EMP-HANA-CAFE-PARTTIME
099999123452,30/01/2026,PAYROLL NET WAGE Riley Retail Casual PAY-20260130-EMP-RILEY-RETAIL-CASUAL,726.75,,205042.44,PAYROLL,PAYNET-PAY-20260130-EMP-RILEY-RETAIL-CASUAL
099999123452,30/01/2026,PAYROLL NET WAGE Priya Retail Supervisor PAY-20260130-EMP-PRIYA-RETAIL-SUP,894.56,,205769.19,PAYROLL,PAYNET-PAY-20260130-EMP-PRIYA-RETAIL-SUP
099999123452,30/01/2026,PAYROLL NET WAGE Marco Hospitality Casual PAY-20260130-EMP-MARCO-HOSP-CASUAL,258.48,,206663.75,PAYROLL,PAYNET-PAY-20260130-EMP-MARCO-HOSP-CASUAL
099999123452,30/01/2026,PAYROLL NET WAGE Hana Cafe Part-time PAY-20260130-EMP-HANA-CAFE-PARTTIME,491.00,,206922.23,PAYROLL,PAYNET-PAY-20260130-EMP-HANA-CAFE-PARTTIME
099999123452,30/01/2026,PAYG WITHHOLDING REMITTANCE ATO Riley Retail Casual PAY-20260130-EMP-RILEY-RETAIL-CASUAL,103.00,,207413.23,PAYROLL_TAX,PAYG-PAY-20260130-EMP-RILEY-RETAIL-CASUAL
099999123452,30/01/2026,PAYG WITHHOLDING REMITTANCE ATO Priya Retail Supervisor PAY-20260130-EMP-PRIYA-RETAIL-SUP,174.00,,207516.23,PAYROLL_TAX,PAYG-PAY-20260130-EMP-PRIYA-RETAIL-SUP
099999123452,30/01/2026,PAYG WITHHOLDING REMITTANCE ATO Hana Cafe Part-time PAY-20260130-EMP-HANA-CAFE-PARTTIME,26.00,,207690.23,PAYROLL_TAX,PAYG-PAY-20260130-EMP-HANA-CAFE-PARTTIME
099999123452,25/01/2026,WITHDRAWAL-OSKO PAYMENT Peak Local Marketing Pty Ltd CONTRACT-202601,1980.00,,207716.23,PAYMENT,BTP-000027
099999123452,23/01/2026,SUPER CLEARING HOUSE Riley Retail Casual PAY-20260123-EMP-RILEY-RETAIL-CASUAL,99.57,,209696.23,SUPER,SUPER-PAY-20260123-EMP-RILEY-RETAIL-CASUAL
099999123452,23/01/2026,SUPER CLEARING HOUSE Priya Retail Supervisor PAY-20260123-EMP-PRIYA-RETAIL-SUP,128.23,,209795.80,SUPER,SUPER-PAY-20260123-EMP-PRIYA-RETAIL-SUP
099999123452,23/01/2026,SUPER CLEARING HOUSE Marco Hospitality Casual PAY-20260123-EMP-MARCO-HOSP-CASUAL,31.02,,209924.03,SUPER,SUPER-PAY-20260123-EMP-MARCO-HOSP-CASUAL
099999123452,23/01/2026,SUPER CLEARING HOUSE Hana Cafe Part-time PAY-20260123-EMP-HANA-CAFE-PARTTIME,62.04,,209955.05,SUPER,SUPER-PAY-20260123-EMP-HANA-CAFE-PARTTIME
099999123452,23/01/2026,PAYROLL NET WAGE Riley Retail Casual PAY-20260123-EMP-RILEY-RETAIL-CASUAL,726.75,,210017.09,PAYROLL,PAYNET-PAY-20260123-EMP-RILEY-RETAIL-CASUAL
099999123452,23/01/2026,PAYROLL NET WAGE Priya Retail Supervisor PAY-20260123-EMP-PRIYA-RETAIL-SUP,894.56,,210743.84,PAYROLL,PAYNET-PAY-20260123-EMP-PRIYA-RETAIL-SUP
099999123452,23/01/2026,PAYROLL NET WAGE Marco Hospitality Casual PAY-20260123-EMP-MARCO-HOSP-CASUAL,258.48,,211638.40,PAYROLL,PAYNET-PAY-20260123-EMP-MARCO-HOSP-CASUAL
099999123452,23/01/2026,PAYROLL NET WAGE Hana Cafe Part-time PAY-20260123-EMP-HANA-CAFE-PARTTIME,491.00,,211896.88,PAYROLL,PAYNET-PAY-20260123-EMP-HANA-CAFE-PARTTIME
099999123452,23/01/2026,PAYG WITHHOLDING REMITTANCE ATO Riley Retail Casual PAY-20260123-EMP-RILEY-RETAIL-CASUAL,103.00,,212387.88,PAYROLL_TAX,PAYG-PAY-20260123-EMP-RILEY-RETAIL-CASUAL
099999123452,23/01/2026,PAYG WITHHOLDING REMITTANCE ATO Priya Retail Supervisor PAY-20260123-EMP-PRIYA-RETAIL-SUP,174.00,,212490.88,PAYROLL_TAX,PAYG-PAY-20260123-EMP-PRIYA-RETAIL-SUP
099999123452,23/01/2026,PAYG WITHHOLDING REMITTANCE ATO Hana Cafe Part-time PAY-20260123-EMP-HANA-CAFE-PARTTIME,26.00,,212664.88,PAYROLL_TAX,PAYG-PAY-20260123-EMP-HANA-CAFE-PARTTIME
099999123452,22/01/2026,WITHDRAWAL-OSKO PAYMENT Cloud Software Vendors SOFT-202601,1045.00,,212690.88,PAYMENT,BTP-000026
099999123452,18/01/2026,DEPOSIT OSKO PAYMENT Retail Client B INV-007,,48125.00,213735.88,DEP,BTR-000007
099999123452,16/01/2026,SUPER CLEARING HOUSE Riley Retail Casual PAY-20260116-EMP-RILEY-RETAIL-CASUAL,99.57,,165610.88,SUPER,SUPER-PAY-20260116-EMP-RILEY-RETAIL-CASUAL
099999123452,16/01/2026,SUPER CLEARING HOUSE Priya Retail Supervisor PAY-20260116-EMP-PRIYA-RETAIL-SUP,128.23,,165710.45,SUPER,SUPER-PAY-20260116-EMP-PRIYA-RETAIL-SUP
099999123452,16/01/2026,SUPER CLEARING HOUSE Marco Hospitality Casual PAY-20260116-EMP-MARCO-HOSP-CASUAL,31.02,,165838.68,SUPER,SUPER-PAY-20260116-EMP-MARCO-HOSP-CASUAL
099999123452,16/01/2026,SUPER CLEARING HOUSE Hana Cafe Part-time PAY-20260116-EMP-HANA-CAFE-PARTTIME,62.04,,165869.70,SUPER,SUPER-PAY-20260116-EMP-HANA-CAFE-PARTTIME
099999123452,16/01/2026,PAYROLL NET WAGE Riley Retail Casual PAY-20260116-EMP-RILEY-RETAIL-CASUAL,726.75,,165931.74,PAYROLL,PAYNET-PAY-20260116-EMP-RILEY-RETAIL-CASUAL
099999123452,16/01/2026,PAYROLL NET WAGE Priya Retail Supervisor PAY-20260116-EMP-PRIYA-RETAIL-SUP,894.56,,166658.49,PAYROLL,PAYNET-PAY-20260116-EMP-PRIYA-RETAIL-SUP
099999123452,16/01/2026,PAYROLL NET WAGE Marco Hospitality Casual PAY-20260116-EMP-MARCO-HOSP-CASUAL,258.48,,167553.05,PAYROLL,PAYNET-PAY-20260116-EMP-MARCO-HOSP-CASUAL
099999123452,16/01/2026,PAYROLL NET WAGE Hana Cafe Part-time PAY-20260116-EMP-HANA-CAFE-PARTTIME,491.00,,167811.53,PAYROLL,PAYNET-PAY-20260116-EMP-HANA-CAFE-PARTTIME
099999123452,16/01/2026,PAYG WITHHOLDING REMITTANCE ATO Riley Retail Casual PAY-20260116-EMP-RILEY-RETAIL-CASUAL,103.00,,168302.53,PAYROLL_TAX,PAYG-PAY-20260116-EMP-RILEY-RETAIL-CASUAL
099999123452,16/01/2026,PAYG WITHHOLDING REMITTANCE ATO Priya Retail Supervisor PAY-20260116-EMP-PRIYA-RETAIL-SUP,174.00,,168405.53,PAYROLL_TAX,PAYG-PAY-20260116-EMP-PRIYA-RETAIL-SUP
099999123452,16/01/2026,PAYG WITHHOLDING REMITTANCE ATO Hana Cafe Part-time PAY-20260116-EMP-HANA-CAFE-PARTTIME,26.00,,168579.53,PAYROLL_TAX,PAYG-PAY-20260116-EMP-HANA-CAFE-PARTTIME
099999123452,16/01/2026,WITHDRAWAL-OSKO PAYMENT Harbour Property Trust RENT-202601,8580.00,,168605.53,PAYMENT,BTP-000025
099999123452,09/01/2026,SUPER CLEARING HOUSE Riley Retail Casual PAY-20260109-EMP-RILEY-RETAIL-CASUAL,99.57,,177185.53,SUPER,SUPER-PAY-20260109-EMP-RILEY-RETAIL-CASUAL
099999123452,09/01/2026,SUPER CLEARING HOUSE Priya Retail Supervisor PAY-20260109-EMP-PRIYA-RETAIL-SUP,128.23,,177285.10,SUPER,SUPER-PAY-20260109-EMP-PRIYA-RETAIL-SUP
099999123452,09/01/2026,SUPER CLEARING HOUSE Marco Hospitality Casual PAY-20260109-EMP-MARCO-HOSP-CASUAL,54.29,,177413.33,SUPER,SUPER-PAY-20260109-EMP-MARCO-HOSP-CASUAL
099999123452,09/01/2026,SUPER CLEARING HOUSE Hana Cafe Part-time PAY-20260109-EMP-HANA-CAFE-PARTTIME,62.04,,177467.62,SUPER,SUPER-PAY-20260109-EMP-HANA-CAFE-PARTTIME
099999123452,09/01/2026,PAYROLL NET WAGE Riley Retail Casual PAY-20260109-EMP-RILEY-RETAIL-CASUAL,726.75,,177529.66,PAYROLL,PAYNET-PAY-20260109-EMP-RILEY-RETAIL-CASUAL
099999123452,09/01/2026,PAYROLL NET WAGE Priya Retail Supervisor PAY-20260109-EMP-PRIYA-RETAIL-SUP,894.56,,178256.41,PAYROLL,PAYNET-PAY-20260109-EMP-PRIYA-RETAIL-SUP
099999123452,09/01/2026,PAYROLL NET WAGE Marco Hospitality Casual PAY-20260109-EMP-MARCO-HOSP-CASUAL,437.38,,179150.97,PAYROLL,PAYNET-PAY-20260109-EMP-MARCO-HOSP-CASUAL
099999123452,09/01/2026,PAYROLL NET WAGE Hana Cafe Part-time PAY-20260109-EMP-HANA-CAFE-PARTTIME,491.00,,179588.35,PAYROLL,PAYNET-PAY-20260109-EMP-HANA-CAFE-PARTTIME
099999123452,09/01/2026,PAYG WITHHOLDING REMITTANCE ATO Riley Retail Casual PAY-20260109-EMP-RILEY-RETAIL-CASUAL,103.00,,180079.35,PAYROLL_TAX,PAYG-PAY-20260109-EMP-RILEY-RETAIL-CASUAL
099999123452,09/01/2026,PAYG WITHHOLDING REMITTANCE ATO Priya Retail Supervisor PAY-20260109-EMP-PRIYA-RETAIL-SUP,174.00,,180182.35,PAYROLL_TAX,PAYG-PAY-20260109-EMP-PRIYA-RETAIL-SUP
099999123452,09/01/2026,PAYG WITHHOLDING REMITTANCE ATO Marco Hospitality Casual PAY-20260109-EMP-MARCO-HOSP-CASUAL,15.00,,180356.35,PAYROLL_TAX,PAYG-PAY-20260109-EMP-MARCO-HOSP-CASUAL
099999123452,09/01/2026,PAYG WITHHOLDING REMITTANCE ATO Hana Cafe Part-time PAY-20260109-EMP-HANA-CAFE-PARTTIME,26.00,,180371.35,PAYROLL_TAX,PAYG-PAY-20260109-EMP-HANA-CAFE-PARTTIME
099999123452,03/01/2026,WITHDRAWAL-OSKO PAYMENT Bank BANKFEE-202512,35.00,,180397.35,PAYMENT,BTP-000024
099999123452,02/01/2026,SUPER CLEARING HOUSE Riley Retail Casual PAY-20260102-EMP-RILEY-RETAIL-CASUAL,99.57,,180432.35,SUPER,SUPER-PAY-20260102-EMP-RILEY-RETAIL-CASUAL
099999123452,02/01/2026,SUPER CLEARING HOUSE Priya Retail Supervisor PAY-20260102-EMP-PRIYA-RETAIL-SUP,128.23,,180531.92,SUPER,SUPER-PAY-20260102-EMP-PRIYA-RETAIL-SUP
099999123452,02/01/2026,SUPER CLEARING HOUSE Marco Hospitality Casual PAY-20260102-EMP-MARCO-HOSP-CASUAL,31.02,,180660.15,SUPER,SUPER-PAY-20260102-EMP-MARCO-HOSP-CASUAL
099999123452,02/01/2026,SUPER CLEARING HOUSE Hana Cafe Part-time PAY-20260102-EMP-HANA-CAFE-PARTTIME,62.04,,180691.17,SUPER,SUPER-PAY-20260102-EMP-HANA-CAFE-PARTTIME
099999123452,02/01/2026,PAYROLL NET WAGE Riley Retail Casual PAY-20260102-EMP-RILEY-RETAIL-CASUAL,726.75,,180753.21,PAYROLL,PAYNET-PAY-20260102-EMP-RILEY-RETAIL-CASUAL
099999123452,02/01/2026,PAYROLL NET WAGE Priya Retail Supervisor PAY-20260102-EMP-PRIYA-RETAIL-SUP,894.56,,181479.96,PAYROLL,PAYNET-PAY-20260102-EMP-PRIYA-RETAIL-SUP
099999123452,02/01/2026,PAYROLL NET WAGE Marco Hospitality Casual PAY-20260102-EMP-MARCO-HOSP-CASUAL,258.48,,182374.52,PAYROLL,PAYNET-PAY-20260102-EMP-MARCO-HOSP-CASUAL
099999123452,02/01/2026,PAYROLL NET WAGE Hana Cafe Part-time PAY-20260102-EMP-HANA-CAFE-PARTTIME,491.00,,182633.00,PAYROLL,PAYNET-PAY-20260102-EMP-HANA-CAFE-PARTTIME
099999123452,02/01/2026,PAYG WITHHOLDING REMITTANCE ATO Riley Retail Casual PAY-20260102-EMP-RILEY-RETAIL-CASUAL,103.00,,183124.00,PAYROLL_TAX,PAYG-PAY-20260102-EMP-RILEY-RETAIL-CASUAL
099999123452,02/01/2026,PAYG WITHHOLDING REMITTANCE ATO Priya Retail Supervisor PAY-20260102-EMP-PRIYA-RETAIL-SUP,174.00,,183227.00,PAYROLL_TAX,PAYG-PAY-20260102-EMP-PRIYA-RETAIL-SUP
099999123452,02/01/2026,PAYG WITHHOLDING REMITTANCE ATO Hana Cafe Part-time PAY-20260102-EMP-HANA-CAFE-PARTTIME,26.00,,183401.00,PAYROLL_TAX,PAYG-PAY-20260102-EMP-HANA-CAFE-PARTTIME
099999123452,26/12/2025,SUPER CLEARING HOUSE Riley Retail Casual PAY-20251226-EMP-RILEY-RETAIL-CASUAL,99.57,,183427.00,SUPER,SUPER-PAY-20251226-EMP-RILEY-RETAIL-CASUAL
099999123452,26/12/2025,SUPER CLEARING HOUSE Priya Retail Supervisor PAY-20251226-EMP-PRIYA-RETAIL-SUP,128.23,,183526.57,SUPER,SUPER-PAY-20251226-EMP-PRIYA-RETAIL-SUP
099999123452,26/12/2025,SUPER CLEARING HOUSE Marco Hospitality Casual PAY-20251226-EMP-MARCO-HOSP-CASUAL,62.04,,183654.80,SUPER,SUPER-PAY-20251226-EMP-MARCO-HOSP-CASUAL
099999123452,26/12/2025,SUPER CLEARING HOUSE Hana Cafe Part-time PAY-20251226-EMP-HANA-CAFE-PARTTIME,62.04,,183716.84,SUPER,SUPER-PAY-20251226-EMP-HANA-CAFE-PARTTIME
099999123452,26/12/2025,PAYROLL NET WAGE Riley Retail Casual PAY-20251226-EMP-RILEY-RETAIL-CASUAL,726.75,,183778.88,PAYROLL,PAYNET-PAY-20251226-EMP-RILEY-RETAIL-CASUAL
099999123452,26/12/2025,PAYROLL NET WAGE Priya Retail Supervisor PAY-20251226-EMP-PRIYA-RETAIL-SUP,894.56,,184505.63,PAYROLL,PAYNET-PAY-20251226-EMP-PRIYA-RETAIL-SUP
099999123452,26/12/2025,PAYROLL NET WAGE Marco Hospitality Casual PAY-20251226-EMP-MARCO-HOSP-CASUAL,491.00,,185400.19,PAYROLL,PAYNET-PAY-20251226-EMP-MARCO-HOSP-CASUAL
099999123452,26/12/2025,PAYROLL NET WAGE Hana Cafe Part-time PAY-20251226-EMP-HANA-CAFE-PARTTIME,491.00,,185891.19,PAYROLL,PAYNET-PAY-20251226-EMP-HANA-CAFE-PARTTIME
099999123452,26/12/2025,PAYG WITHHOLDING REMITTANCE ATO Riley Retail Casual PAY-20251226-EMP-RILEY-RETAIL-CASUAL,103.00,,186382.19,PAYROLL_TAX,PAYG-PAY-20251226-EMP-RILEY-RETAIL-CASUAL
099999123452,26/12/2025,PAYG WITHHOLDING REMITTANCE ATO Priya Retail Supervisor PAY-20251226-EMP-PRIYA-RETAIL-SUP,174.00,,186485.19,PAYROLL_TAX,PAYG-PAY-20251226-EMP-PRIYA-RETAIL-SUP
099999123452,26/12/2025,PAYG WITHHOLDING REMITTANCE ATO Marco Hospitality Casual PAY-20251226-EMP-MARCO-HOSP-CASUAL,26.00,,186659.19,PAYROLL_TAX,PAYG-PAY-20251226-EMP-MARCO-HOSP-CASUAL
099999123452,26/12/2025,PAYG WITHHOLDING REMITTANCE ATO Hana Cafe Part-time PAY-20251226-EMP-HANA-CAFE-PARTTIME,26.00,,186685.19,PAYROLL_TAX,PAYG-PAY-20251226-EMP-HANA-CAFE-PARTTIME
099999123452,25/12/2025,WITHDRAWAL-OSKO PAYMENT Peak Local Marketing Pty Ltd CONTRACT-202512,1980.00,,186711.19,PAYMENT,BTP-000023
099999123452,22/12/2025,WITHDRAWAL-OSKO PAYMENT Cloud Software Vendors SOFT-202512,1045.00,,188691.19,PAYMENT,BTP-000022
099999123452,19/12/2025,SUPER CLEARING HOUSE Riley Retail Casual PAY-20251219-EMP-RILEY-RETAIL-CASUAL,99.57,,189736.19,SUPER,SUPER-PAY-20251219-EMP-RILEY-RETAIL-CASUAL
099999123452,19/12/2025,SUPER CLEARING HOUSE Priya Retail Supervisor PAY-20251219-EMP-PRIYA-RETAIL-SUP,128.23,,189835.76,SUPER,SUPER-PAY-20251219-EMP-PRIYA-RETAIL-SUP
099999123452,19/12/2025,SUPER CLEARING HOUSE Marco Hospitality Casual PAY-20251219-EMP-MARCO-HOSP-CASUAL,31.02,,189963.99,SUPER,SUPER-PAY-20251219-EMP-MARCO-HOSP-CASUAL
099999123452,19/12/2025,SUPER CLEARING HOUSE Hana Cafe Part-time PAY-20251219-EMP-HANA-CAFE-PARTTIME,62.04,,189995.01,SUPER,SUPER-PAY-20251219-EMP-HANA-CAFE-PARTTIME
099999123452,19/12/2025,PAYROLL NET WAGE Riley Retail Casual PAY-20251219-EMP-RILEY-RETAIL-CASUAL,726.75,,190057.05,PAYROLL,PAYNET-PAY-20251219-EMP-RILEY-RETAIL-CASUAL
099999123452,19/12/2025,PAYROLL NET WAGE Priya Retail Supervisor PAY-20251219-EMP-PRIYA-RETAIL-SUP,894.56,,190783.80,PAYROLL,PAYNET-PAY-20251219-EMP-PRIYA-RETAIL-SUP
099999123452,19/12/2025,PAYROLL NET WAGE Marco Hospitality Casual PAY-20251219-EMP-MARCO-HOSP-CASUAL,258.48,,191678.36,PAYROLL,PAYNET-PAY-20251219-EMP-MARCO-HOSP-CASUAL
099999123452,19/12/2025,PAYROLL NET WAGE Hana Cafe Part-time PAY-20251219-EMP-HANA-CAFE-PARTTIME,491.00,,191936.84,PAYROLL,PAYNET-PAY-20251219-EMP-HANA-CAFE-PARTTIME
099999123452,19/12/2025,PAYG WITHHOLDING REMITTANCE ATO Riley Retail Casual PAY-20251219-EMP-RILEY-RETAIL-CASUAL,103.00,,192427.84,PAYROLL_TAX,PAYG-PAY-20251219-EMP-RILEY-RETAIL-CASUAL
099999123452,19/12/2025,PAYG WITHHOLDING REMITTANCE ATO Priya Retail Supervisor PAY-20251219-EMP-PRIYA-RETAIL-SUP,174.00,,192530.84,PAYROLL_TAX,PAYG-PAY-20251219-EMP-PRIYA-RETAIL-SUP
099999123452,19/12/2025,PAYG WITHHOLDING REMITTANCE ATO Hana Cafe Part-time PAY-20251219-EMP-HANA-CAFE-PARTTIME,26.00,,192704.84,PAYROLL_TAX,PAYG-PAY-20251219-EMP-HANA-CAFE-PARTTIME
099999123452,18/12/2025,DEPOSIT OSKO PAYMENT Retail Client A INV-006,,47850.00,192730.84,DEP,BTR-000006
099999123452,16/12/2025,WITHDRAWAL-OSKO PAYMENT Harbour Property Trust RENT-202512,8580.00,,144880.84,PAYMENT,BTP-000021
099999123452,12/12/2025,SUPER CLEARING HOUSE Riley Retail Casual PAY-20251212-EMP-RILEY-RETAIL-CASUAL,99.57,,153460.84,SUPER,SUPER-PAY-20251212-EMP-RILEY-RETAIL-CASUAL
099999123452,12/12/2025,SUPER CLEARING HOUSE Priya Retail Supervisor PAY-20251212-EMP-PRIYA-RETAIL-SUP,128.23,,153560.41,SUPER,SUPER-PAY-20251212-EMP-PRIYA-RETAIL-SUP
099999123452,12/12/2025,SUPER CLEARING HOUSE Marco Hospitality Casual PAY-20251212-EMP-MARCO-HOSP-CASUAL,54.29,,153688.64,SUPER,SUPER-PAY-20251212-EMP-MARCO-HOSP-CASUAL
099999123452,12/12/2025,SUPER CLEARING HOUSE Hana Cafe Part-time PAY-20251212-EMP-HANA-CAFE-PARTTIME,62.04,,153742.93,SUPER,SUPER-PAY-20251212-EMP-HANA-CAFE-PARTTIME
099999123452,12/12/2025,PAYROLL NET WAGE Riley Retail Casual PAY-20251212-EMP-RILEY-RETAIL-CASUAL,726.75,,153804.97,PAYROLL,PAYNET-PAY-20251212-EMP-RILEY-RETAIL-CASUAL
099999123452,12/12/2025,PAYROLL NET WAGE Priya Retail Supervisor PAY-20251212-EMP-PRIYA-RETAIL-SUP,894.56,,154531.72,PAYROLL,PAYNET-PAY-20251212-EMP-PRIYA-RETAIL-SUP
099999123452,12/12/2025,PAYROLL NET WAGE Marco Hospitality Casual PAY-20251212-EMP-MARCO-HOSP-CASUAL,437.38,,155426.28,PAYROLL,PAYNET-PAY-20251212-EMP-MARCO-HOSP-CASUAL
099999123452,12/12/2025,PAYROLL NET WAGE Hana Cafe Part-time PAY-20251212-EMP-HANA-CAFE-PARTTIME,491.00,,155863.66,PAYROLL,PAYNET-PAY-20251212-EMP-HANA-CAFE-PARTTIME
099999123452,12/12/2025,PAYG WITHHOLDING REMITTANCE ATO Riley Retail Casual PAY-20251212-EMP-RILEY-RETAIL-CASUAL,103.00,,156354.66,PAYROLL_TAX,PAYG-PAY-20251212-EMP-RILEY-RETAIL-CASUAL
099999123452,12/12/2025,PAYG WITHHOLDING REMITTANCE ATO Priya Retail Supervisor PAY-20251212-EMP-PRIYA-RETAIL-SUP,174.00,,156457.66,PAYROLL_TAX,PAYG-PAY-20251212-EMP-PRIYA-RETAIL-SUP
099999123452,12/12/2025,PAYG WITHHOLDING REMITTANCE ATO Marco Hospitality Casual PAY-20251212-EMP-MARCO-HOSP-CASUAL,15.00,,156631.66,PAYROLL_TAX,PAYG-PAY-20251212-EMP-MARCO-HOSP-CASUAL
099999123452,12/12/2025,PAYG WITHHOLDING REMITTANCE ATO Hana Cafe Part-time PAY-20251212-EMP-HANA-CAFE-PARTTIME,26.00,,156646.66,PAYROLL_TAX,PAYG-PAY-20251212-EMP-HANA-CAFE-PARTTIME
099999123452,05/12/2025,SUPER CLEARING HOUSE Riley Retail Casual PAY-20251205-EMP-RILEY-RETAIL-CASUAL,99.57,,156672.66,SUPER,SUPER-PAY-20251205-EMP-RILEY-RETAIL-CASUAL
099999123452,05/12/2025,SUPER CLEARING HOUSE Priya Retail Supervisor PAY-20251205-EMP-PRIYA-RETAIL-SUP,128.23,,156772.23,SUPER,SUPER-PAY-20251205-EMP-PRIYA-RETAIL-SUP
099999123452,05/12/2025,SUPER CLEARING HOUSE Marco Hospitality Casual PAY-20251205-EMP-MARCO-HOSP-CASUAL,31.02,,156900.46,SUPER,SUPER-PAY-20251205-EMP-MARCO-HOSP-CASUAL
099999123452,05/12/2025,SUPER CLEARING HOUSE Hana Cafe Part-time PAY-20251205-EMP-HANA-CAFE-PARTTIME,62.04,,156931.48,SUPER,SUPER-PAY-20251205-EMP-HANA-CAFE-PARTTIME
099999123452,05/12/2025,PAYROLL NET WAGE Riley Retail Casual PAY-20251205-EMP-RILEY-RETAIL-CASUAL,726.75,,156993.52,PAYROLL,PAYNET-PAY-20251205-EMP-RILEY-RETAIL-CASUAL
099999123452,05/12/2025,PAYROLL NET WAGE Priya Retail Supervisor PAY-20251205-EMP-PRIYA-RETAIL-SUP,894.56,,157720.27,PAYROLL,PAYNET-PAY-20251205-EMP-PRIYA-RETAIL-SUP
099999123452,05/12/2025,PAYROLL NET WAGE Marco Hospitality Casual PAY-20251205-EMP-MARCO-HOSP-CASUAL,258.48,,158614.83,PAYROLL,PAYNET-PAY-20251205-EMP-MARCO-HOSP-CASUAL
099999123452,05/12/2025,PAYROLL NET WAGE Hana Cafe Part-time PAY-20251205-EMP-HANA-CAFE-PARTTIME,491.00,,158873.31,PAYROLL,PAYNET-PAY-20251205-EMP-HANA-CAFE-PARTTIME
099999123452,05/12/2025,PAYG WITHHOLDING REMITTANCE ATO Riley Retail Casual PAY-20251205-EMP-RILEY-RETAIL-CASUAL,103.00,,159364.31,PAYROLL_TAX,PAYG-PAY-20251205-EMP-RILEY-RETAIL-CASUAL
099999123452,05/12/2025,PAYG WITHHOLDING REMITTANCE ATO Priya Retail Supervisor PAY-20251205-EMP-PRIYA-RETAIL-SUP,174.00,,159467.31,PAYROLL_TAX,PAYG-PAY-20251205-EMP-PRIYA-RETAIL-SUP
099999123452,05/12/2025,PAYG WITHHOLDING REMITTANCE ATO Hana Cafe Part-time PAY-20251205-EMP-HANA-CAFE-PARTTIME,26.00,,159641.31,PAYROLL_TAX,PAYG-PAY-20251205-EMP-HANA-CAFE-PARTTIME
099999123452,04/12/2025,WITHDRAWAL-OSKO PAYMENT Bank BANKFEE-202511,35.00,,159667.31,PAYMENT,BTP-000020
099999123452,28/11/2025,SUPER CLEARING HOUSE Riley Retail Casual PAY-20251128-EMP-RILEY-RETAIL-CASUAL,99.57,,159702.31,SUPER,SUPER-PAY-20251128-EMP-RILEY-RETAIL-CASUAL
099999123452,28/11/2025,SUPER CLEARING HOUSE Priya Retail Supervisor PAY-20251128-EMP-PRIYA-RETAIL-SUP,128.23,,159801.88,SUPER,SUPER-PAY-20251128-EMP-PRIYA-RETAIL-SUP
099999123452,28/11/2025,SUPER CLEARING HOUSE Marco Hospitality Casual PAY-20251128-EMP-MARCO-HOSP-CASUAL,31.02,,159930.11,SUPER,SUPER-PAY-20251128-EMP-MARCO-HOSP-CASUAL
099999123452,28/11/2025,SUPER CLEARING HOUSE Hana Cafe Part-time PAY-20251128-EMP-HANA-CAFE-PARTTIME,62.04,,159961.13,SUPER,SUPER-PAY-20251128-EMP-HANA-CAFE-PARTTIME
099999123452,28/11/2025,PAYROLL NET WAGE Riley Retail Casual PAY-20251128-EMP-RILEY-RETAIL-CASUAL,726.75,,160023.17,PAYROLL,PAYNET-PAY-20251128-EMP-RILEY-RETAIL-CASUAL
099999123452,28/11/2025,PAYROLL NET WAGE Priya Retail Supervisor PAY-20251128-EMP-PRIYA-RETAIL-SUP,894.56,,160749.92,PAYROLL,PAYNET-PAY-20251128-EMP-PRIYA-RETAIL-SUP
099999123452,28/11/2025,PAYROLL NET WAGE Marco Hospitality Casual PAY-20251128-EMP-MARCO-HOSP-CASUAL,258.48,,161644.48,PAYROLL,PAYNET-PAY-20251128-EMP-MARCO-HOSP-CASUAL
099999123452,28/11/2025,PAYROLL NET WAGE Hana Cafe Part-time PAY-20251128-EMP-HANA-CAFE-PARTTIME,491.00,,161902.96,PAYROLL,PAYNET-PAY-20251128-EMP-HANA-CAFE-PARTTIME
099999123452,28/11/2025,PAYG WITHHOLDING REMITTANCE ATO Riley Retail Casual PAY-20251128-EMP-RILEY-RETAIL-CASUAL,103.00,,162393.96,PAYROLL_TAX,PAYG-PAY-20251128-EMP-RILEY-RETAIL-CASUAL
099999123452,28/11/2025,PAYG WITHHOLDING REMITTANCE ATO Priya Retail Supervisor PAY-20251128-EMP-PRIYA-RETAIL-SUP,174.00,,162496.96,PAYROLL_TAX,PAYG-PAY-20251128-EMP-PRIYA-RETAIL-SUP
099999123452,28/11/2025,PAYG WITHHOLDING REMITTANCE ATO Hana Cafe Part-time PAY-20251128-EMP-HANA-CAFE-PARTTIME,26.00,,162670.96,PAYROLL_TAX,PAYG-PAY-20251128-EMP-HANA-CAFE-PARTTIME
099999123452,25/11/2025,WITHDRAWAL-OSKO PAYMENT Peak Local Marketing Pty Ltd CONTRACT-202511,1980.00,,162696.96,PAYMENT,BTP-000019
099999123452,22/11/2025,WITHDRAWAL-OSKO PAYMENT Cloud Software Vendors SOFT-202511,1045.00,,164676.96,PAYMENT,BTP-000018
099999123452,21/11/2025,SUPER CLEARING HOUSE Riley Retail Casual PAY-20251121-EMP-RILEY-RETAIL-CASUAL,99.57,,165721.96,SUPER,SUPER-PAY-20251121-EMP-RILEY-RETAIL-CASUAL
099999123452,21/11/2025,SUPER CLEARING HOUSE Priya Retail Supervisor PAY-20251121-EMP-PRIYA-RETAIL-SUP,128.23,,165821.53,SUPER,SUPER-PAY-20251121-EMP-PRIYA-RETAIL-SUP
099999123452,21/11/2025,SUPER CLEARING HOUSE Marco Hospitality Casual PAY-20251121-EMP-MARCO-HOSP-CASUAL,31.02,,165949.76,SUPER,SUPER-PAY-20251121-EMP-MARCO-HOSP-CASUAL
099999123452,21/11/2025,SUPER CLEARING HOUSE Hana Cafe Part-time PAY-20251121-EMP-HANA-CAFE-PARTTIME,62.04,,165980.78,SUPER,SUPER-PAY-20251121-EMP-HANA-CAFE-PARTTIME
099999123452,21/11/2025,PAYROLL NET WAGE Riley Retail Casual PAY-20251121-EMP-RILEY-RETAIL-CASUAL,726.75,,166042.82,PAYROLL,PAYNET-PAY-20251121-EMP-RILEY-RETAIL-CASUAL
099999123452,21/11/2025,PAYROLL NET WAGE Priya Retail Supervisor PAY-20251121-EMP-PRIYA-RETAIL-SUP,894.56,,166769.57,PAYROLL,PAYNET-PAY-20251121-EMP-PRIYA-RETAIL-SUP
099999123452,21/11/2025,PAYROLL NET WAGE Marco Hospitality Casual PAY-20251121-EMP-MARCO-HOSP-CASUAL,258.48,,167664.13,PAYROLL,PAYNET-PAY-20251121-EMP-MARCO-HOSP-CASUAL
099999123452,21/11/2025,PAYROLL NET WAGE Hana Cafe Part-time PAY-20251121-EMP-HANA-CAFE-PARTTIME,491.00,,167922.61,PAYROLL,PAYNET-PAY-20251121-EMP-HANA-CAFE-PARTTIME
099999123452,21/11/2025,PAYG WITHHOLDING REMITTANCE ATO Riley Retail Casual PAY-20251121-EMP-RILEY-RETAIL-CASUAL,103.00,,168413.61,PAYROLL_TAX,PAYG-PAY-20251121-EMP-RILEY-RETAIL-CASUAL
099999123452,21/11/2025,PAYG WITHHOLDING REMITTANCE ATO Priya Retail Supervisor PAY-20251121-EMP-PRIYA-RETAIL-SUP,174.00,,168516.61,PAYROLL_TAX,PAYG-PAY-20251121-EMP-PRIYA-RETAIL-SUP
099999123452,21/11/2025,PAYG WITHHOLDING REMITTANCE ATO Hana Cafe Part-time PAY-20251121-EMP-HANA-CAFE-PARTTIME,26.00,,168690.61,PAYROLL_TAX,PAYG-PAY-20251121-EMP-HANA-CAFE-PARTTIME
099999123452,18/11/2025,DEPOSIT OSKO PAYMENT Retail Client C INV-005,,47575.00,168716.61,DEP,BTR-000005
099999123452,16/11/2025,WITHDRAWAL-OSKO PAYMENT Harbour Property Trust RENT-202511,8580.00,,121141.61,PAYMENT,BTP-000017
099999123452,14/11/2025,SUPER CLEARING HOUSE Riley Retail Casual PAY-20251114-EMP-RILEY-RETAIL-CASUAL,99.57,,129721.61,SUPER,SUPER-PAY-20251114-EMP-RILEY-RETAIL-CASUAL
099999123452,14/11/2025,SUPER CLEARING HOUSE Priya Retail Supervisor PAY-20251114-EMP-PRIYA-RETAIL-SUP,128.23,,129821.18,SUPER,SUPER-PAY-20251114-EMP-PRIYA-RETAIL-SUP
099999123452,14/11/2025,SUPER CLEARING HOUSE Marco Hospitality Casual PAY-20251114-EMP-MARCO-HOSP-CASUAL,54.29,,129949.41,SUPER,SUPER-PAY-20251114-EMP-MARCO-HOSP-CASUAL
099999123452,14/11/2025,SUPER CLEARING HOUSE Hana Cafe Part-time PAY-20251114-EMP-HANA-CAFE-PARTTIME,62.04,,130003.70,SUPER,SUPER-PAY-20251114-EMP-HANA-CAFE-PARTTIME
099999123452,14/11/2025,PAYROLL NET WAGE Riley Retail Casual PAY-20251114-EMP-RILEY-RETAIL-CASUAL,726.75,,130065.74,PAYROLL,PAYNET-PAY-20251114-EMP-RILEY-RETAIL-CASUAL
099999123452,14/11/2025,PAYROLL NET WAGE Priya Retail Supervisor PAY-20251114-EMP-PRIYA-RETAIL-SUP,894.56,,130792.49,PAYROLL,PAYNET-PAY-20251114-EMP-PRIYA-RETAIL-SUP
099999123452,14/11/2025,PAYROLL NET WAGE Marco Hospitality Casual PAY-20251114-EMP-MARCO-HOSP-CASUAL,437.38,,131687.05,PAYROLL,PAYNET-PAY-20251114-EMP-MARCO-HOSP-CASUAL
099999123452,14/11/2025,PAYROLL NET WAGE Hana Cafe Part-time PAY-20251114-EMP-HANA-CAFE-PARTTIME,491.00,,132124.43,PAYROLL,PAYNET-PAY-20251114-EMP-HANA-CAFE-PARTTIME
099999123452,14/11/2025,PAYG WITHHOLDING REMITTANCE ATO Riley Retail Casual PAY-20251114-EMP-RILEY-RETAIL-CASUAL,103.00,,132615.43,PAYROLL_TAX,PAYG-PAY-20251114-EMP-RILEY-RETAIL-CASUAL
099999123452,14/11/2025,PAYG WITHHOLDING REMITTANCE ATO Priya Retail Supervisor PAY-20251114-EMP-PRIYA-RETAIL-SUP,174.00,,132718.43,PAYROLL_TAX,PAYG-PAY-20251114-EMP-PRIYA-RETAIL-SUP
099999123452,14/11/2025,PAYG WITHHOLDING REMITTANCE ATO Marco Hospitality Casual PAY-20251114-EMP-MARCO-HOSP-CASUAL,15.00,,132892.43,PAYROLL_TAX,PAYG-PAY-20251114-EMP-MARCO-HOSP-CASUAL
099999123452,14/11/2025,PAYG WITHHOLDING REMITTANCE ATO Hana Cafe Part-time PAY-20251114-EMP-HANA-CAFE-PARTTIME,26.00,,132907.43,PAYROLL_TAX,PAYG-PAY-20251114-EMP-HANA-CAFE-PARTTIME
099999123452,07/11/2025,SUPER CLEARING HOUSE Riley Retail Casual PAY-20251107-EMP-RILEY-RETAIL-CASUAL,99.57,,132933.43,SUPER,SUPER-PAY-20251107-EMP-RILEY-RETAIL-CASUAL
099999123452,07/11/2025,SUPER CLEARING HOUSE Priya Retail Supervisor PAY-20251107-EMP-PRIYA-RETAIL-SUP,128.23,,133033.00,SUPER,SUPER-PAY-20251107-EMP-PRIYA-RETAIL-SUP
099999123452,07/11/2025,SUPER CLEARING HOUSE Marco Hospitality Casual PAY-20251107-EMP-MARCO-HOSP-CASUAL,31.02,,133161.23,SUPER,SUPER-PAY-20251107-EMP-MARCO-HOSP-CASUAL
099999123452,07/11/2025,SUPER CLEARING HOUSE Hana Cafe Part-time PAY-20251107-EMP-HANA-CAFE-PARTTIME,62.04,,133192.25,SUPER,SUPER-PAY-20251107-EMP-HANA-CAFE-PARTTIME
099999123452,07/11/2025,PAYROLL NET WAGE Riley Retail Casual PAY-20251107-EMP-RILEY-RETAIL-CASUAL,726.75,,133254.29,PAYROLL,PAYNET-PAY-20251107-EMP-RILEY-RETAIL-CASUAL
099999123452,07/11/2025,PAYROLL NET WAGE Priya Retail Supervisor PAY-20251107-EMP-PRIYA-RETAIL-SUP,894.56,,133981.04,PAYROLL,PAYNET-PAY-20251107-EMP-PRIYA-RETAIL-SUP
099999123452,07/11/2025,PAYROLL NET WAGE Marco Hospitality Casual PAY-20251107-EMP-MARCO-HOSP-CASUAL,258.48,,134875.60,PAYROLL,PAYNET-PAY-20251107-EMP-MARCO-HOSP-CASUAL
099999123452,07/11/2025,PAYROLL NET WAGE Hana Cafe Part-time PAY-20251107-EMP-HANA-CAFE-PARTTIME,491.00,,135134.08,PAYROLL,PAYNET-PAY-20251107-EMP-HANA-CAFE-PARTTIME
099999123452,07/11/2025,PAYG WITHHOLDING REMITTANCE ATO Riley Retail Casual PAY-20251107-EMP-RILEY-RETAIL-CASUAL,103.00,,135625.08,PAYROLL_TAX,PAYG-PAY-20251107-EMP-RILEY-RETAIL-CASUAL
099999123452,07/11/2025,PAYG WITHHOLDING REMITTANCE ATO Priya Retail Supervisor PAY-20251107-EMP-PRIYA-RETAIL-SUP,174.00,,135728.08,PAYROLL_TAX,PAYG-PAY-20251107-EMP-PRIYA-RETAIL-SUP
099999123452,07/11/2025,PAYG WITHHOLDING REMITTANCE ATO Hana Cafe Part-time PAY-20251107-EMP-HANA-CAFE-PARTTIME,26.00,,135902.08,PAYROLL_TAX,PAYG-PAY-20251107-EMP-HANA-CAFE-PARTTIME
099999123452,03/11/2025,WITHDRAWAL-OSKO PAYMENT Bank BANKFEE-202510,35.00,,135928.08,PAYMENT,BTP-000016
099999123452,31/10/2025,SUPER CLEARING HOUSE Riley Retail Casual PAY-20251031-EMP-RILEY-RETAIL-CASUAL,99.57,,135963.08,SUPER,SUPER-PAY-20251031-EMP-RILEY-RETAIL-CASUAL
099999123452,31/10/2025,SUPER CLEARING HOUSE Priya Retail Supervisor PAY-20251031-EMP-PRIYA-RETAIL-SUP,128.23,,136062.65,SUPER,SUPER-PAY-20251031-EMP-PRIYA-RETAIL-SUP
099999123452,31/10/2025,SUPER CLEARING HOUSE Marco Hospitality Casual PAY-20251031-EMP-MARCO-HOSP-CASUAL,31.02,,136190.88,SUPER,SUPER-PAY-20251031-EMP-MARCO-HOSP-CASUAL
099999123452,31/10/2025,SUPER CLEARING HOUSE Hana Cafe Part-time PAY-20251031-EMP-HANA-CAFE-PARTTIME,62.04,,136221.90,SUPER,SUPER-PAY-20251031-EMP-HANA-CAFE-PARTTIME
099999123452,31/10/2025,PAYROLL NET WAGE Riley Retail Casual PAY-20251031-EMP-RILEY-RETAIL-CASUAL,726.75,,136283.94,PAYROLL,PAYNET-PAY-20251031-EMP-RILEY-RETAIL-CASUAL
099999123452,31/10/2025,PAYROLL NET WAGE Priya Retail Supervisor PAY-20251031-EMP-PRIYA-RETAIL-SUP,894.56,,137010.69,PAYROLL,PAYNET-PAY-20251031-EMP-PRIYA-RETAIL-SUP
099999123452,31/10/2025,PAYROLL NET WAGE Marco Hospitality Casual PAY-20251031-EMP-MARCO-HOSP-CASUAL,258.48,,137905.25,PAYROLL,PAYNET-PAY-20251031-EMP-MARCO-HOSP-CASUAL
099999123452,31/10/2025,PAYROLL NET WAGE Hana Cafe Part-time PAY-20251031-EMP-HANA-CAFE-PARTTIME,491.00,,138163.73,PAYROLL,PAYNET-PAY-20251031-EMP-HANA-CAFE-PARTTIME
099999123452,31/10/2025,PAYG WITHHOLDING REMITTANCE ATO Riley Retail Casual PAY-20251031-EMP-RILEY-RETAIL-CASUAL,103.00,,138654.73,PAYROLL_TAX,PAYG-PAY-20251031-EMP-RILEY-RETAIL-CASUAL
099999123452,31/10/2025,PAYG WITHHOLDING REMITTANCE ATO Priya Retail Supervisor PAY-20251031-EMP-PRIYA-RETAIL-SUP,174.00,,138757.73,PAYROLL_TAX,PAYG-PAY-20251031-EMP-PRIYA-RETAIL-SUP
099999123452,31/10/2025,PAYG WITHHOLDING REMITTANCE ATO Hana Cafe Part-time PAY-20251031-EMP-HANA-CAFE-PARTTIME,26.00,,138931.73,PAYROLL_TAX,PAYG-PAY-20251031-EMP-HANA-CAFE-PARTTIME
099999123452,25/10/2025,WITHDRAWAL-OSKO PAYMENT Peak Local Marketing Pty Ltd CONTRACT-202510,1980.00,,138957.73,PAYMENT,BTP-000015
099999123452,24/10/2025,SUPER CLEARING HOUSE Riley Retail Casual PAY-20251024-EMP-RILEY-RETAIL-CASUAL,99.57,,140937.73,SUPER,SUPER-PAY-20251024-EMP-RILEY-RETAIL-CASUAL
099999123452,24/10/2025,SUPER CLEARING HOUSE Priya Retail Supervisor PAY-20251024-EMP-PRIYA-RETAIL-SUP,128.23,,141037.30,SUPER,SUPER-PAY-20251024-EMP-PRIYA-RETAIL-SUP
099999123452,24/10/2025,SUPER CLEARING HOUSE Marco Hospitality Casual PAY-20251024-EMP-MARCO-HOSP-CASUAL,31.02,,141165.53,SUPER,SUPER-PAY-20251024-EMP-MARCO-HOSP-CASUAL
099999123452,24/10/2025,SUPER CLEARING HOUSE Hana Cafe Part-time PAY-20251024-EMP-HANA-CAFE-PARTTIME,62.04,,141196.55,SUPER,SUPER-PAY-20251024-EMP-HANA-CAFE-PARTTIME
099999123452,24/10/2025,PAYROLL NET WAGE Riley Retail Casual PAY-20251024-EMP-RILEY-RETAIL-CASUAL,726.75,,141258.59,PAYROLL,PAYNET-PAY-20251024-EMP-RILEY-RETAIL-CASUAL
099999123452,24/10/2025,PAYROLL NET WAGE Priya Retail Supervisor PAY-20251024-EMP-PRIYA-RETAIL-SUP,894.56,,141985.34,PAYROLL,PAYNET-PAY-20251024-EMP-PRIYA-RETAIL-SUP
099999123452,24/10/2025,PAYROLL NET WAGE Marco Hospitality Casual PAY-20251024-EMP-MARCO-HOSP-CASUAL,258.48,,142879.90,PAYROLL,PAYNET-PAY-20251024-EMP-MARCO-HOSP-CASUAL
099999123452,24/10/2025,PAYROLL NET WAGE Hana Cafe Part-time PAY-20251024-EMP-HANA-CAFE-PARTTIME,491.00,,143138.38,PAYROLL,PAYNET-PAY-20251024-EMP-HANA-CAFE-PARTTIME
099999123452,24/10/2025,PAYG WITHHOLDING REMITTANCE ATO Riley Retail Casual PAY-20251024-EMP-RILEY-RETAIL-CASUAL,103.00,,143629.38,PAYROLL_TAX,PAYG-PAY-20251024-EMP-RILEY-RETAIL-CASUAL
099999123452,24/10/2025,PAYG WITHHOLDING REMITTANCE ATO Priya Retail Supervisor PAY-20251024-EMP-PRIYA-RETAIL-SUP,174.00,,143732.38,PAYROLL_TAX,PAYG-PAY-20251024-EMP-PRIYA-RETAIL-SUP
099999123452,24/10/2025,PAYG WITHHOLDING REMITTANCE ATO Hana Cafe Part-time PAY-20251024-EMP-HANA-CAFE-PARTTIME,26.00,,143906.38,PAYROLL_TAX,PAYG-PAY-20251024-EMP-HANA-CAFE-PARTTIME
099999123452,22/10/2025,WITHDRAWAL-OSKO PAYMENT Cloud Software Vendors SOFT-202510,1045.00,,143932.38,PAYMENT,BTP-000014
099999123452,18/10/2025,DEPOSIT OSKO PAYMENT Retail Client B INV-004,,47300.00,144977.38,DEP,BTR-000004
099999123452,17/10/2025,SUPER CLEARING HOUSE Riley Retail Casual PAY-20251017-EMP-RILEY-RETAIL-CASUAL,99.57,,97677.38,SUPER,SUPER-PAY-20251017-EMP-RILEY-RETAIL-CASUAL
099999123452,17/10/2025,SUPER CLEARING HOUSE Priya Retail Supervisor PAY-20251017-EMP-PRIYA-RETAIL-SUP,128.23,,97776.95,SUPER,SUPER-PAY-20251017-EMP-PRIYA-RETAIL-SUP
099999123452,17/10/2025,SUPER CLEARING HOUSE Marco Hospitality Casual PAY-20251017-EMP-MARCO-HOSP-CASUAL,54.29,,97905.18,SUPER,SUPER-PAY-20251017-EMP-MARCO-HOSP-CASUAL
099999123452,17/10/2025,SUPER CLEARING HOUSE Hana Cafe Part-time PAY-20251017-EMP-HANA-CAFE-PARTTIME,62.04,,97959.47,SUPER,SUPER-PAY-20251017-EMP-HANA-CAFE-PARTTIME
099999123452,17/10/2025,PAYROLL NET WAGE Riley Retail Casual PAY-20251017-EMP-RILEY-RETAIL-CASUAL,726.75,,98021.51,PAYROLL,PAYNET-PAY-20251017-EMP-RILEY-RETAIL-CASUAL
099999123452,17/10/2025,PAYROLL NET WAGE Priya Retail Supervisor PAY-20251017-EMP-PRIYA-RETAIL-SUP,894.56,,98748.26,PAYROLL,PAYNET-PAY-20251017-EMP-PRIYA-RETAIL-SUP
099999123452,17/10/2025,PAYROLL NET WAGE Marco Hospitality Casual PAY-20251017-EMP-MARCO-HOSP-CASUAL,437.38,,99642.82,PAYROLL,PAYNET-PAY-20251017-EMP-MARCO-HOSP-CASUAL
099999123452,17/10/2025,PAYROLL NET WAGE Hana Cafe Part-time PAY-20251017-EMP-HANA-CAFE-PARTTIME,491.00,,100080.20,PAYROLL,PAYNET-PAY-20251017-EMP-HANA-CAFE-PARTTIME
099999123452,17/10/2025,PAYG WITHHOLDING REMITTANCE ATO Riley Retail Casual PAY-20251017-EMP-RILEY-RETAIL-CASUAL,103.00,,100571.20,PAYROLL_TAX,PAYG-PAY-20251017-EMP-RILEY-RETAIL-CASUAL
099999123452,17/10/2025,PAYG WITHHOLDING REMITTANCE ATO Priya Retail Supervisor PAY-20251017-EMP-PRIYA-RETAIL-SUP,174.00,,100674.20,PAYROLL_TAX,PAYG-PAY-20251017-EMP-PRIYA-RETAIL-SUP
099999123452,17/10/2025,PAYG WITHHOLDING REMITTANCE ATO Marco Hospitality Casual PAY-20251017-EMP-MARCO-HOSP-CASUAL,15.00,,100848.20,PAYROLL_TAX,PAYG-PAY-20251017-EMP-MARCO-HOSP-CASUAL
099999123452,17/10/2025,PAYG WITHHOLDING REMITTANCE ATO Hana Cafe Part-time PAY-20251017-EMP-HANA-CAFE-PARTTIME,26.00,,100863.20,PAYROLL_TAX,PAYG-PAY-20251017-EMP-HANA-CAFE-PARTTIME
099999123452,16/10/2025,WITHDRAWAL-OSKO PAYMENT Harbour Property Trust RENT-202510,8580.00,,100889.20,PAYMENT,BTP-000013
099999123452,10/10/2025,SUPER CLEARING HOUSE Riley Retail Casual PAY-20251010-EMP-RILEY-RETAIL-CASUAL,99.57,,109469.20,SUPER,SUPER-PAY-20251010-EMP-RILEY-RETAIL-CASUAL
099999123452,10/10/2025,SUPER CLEARING HOUSE Priya Retail Supervisor PAY-20251010-EMP-PRIYA-RETAIL-SUP,128.23,,109568.77,SUPER,SUPER-PAY-20251010-EMP-PRIYA-RETAIL-SUP
099999123452,10/10/2025,SUPER CLEARING HOUSE Marco Hospitality Casual PAY-20251010-EMP-MARCO-HOSP-CASUAL,31.02,,109697.00,SUPER,SUPER-PAY-20251010-EMP-MARCO-HOSP-CASUAL
099999123452,10/10/2025,SUPER CLEARING HOUSE Hana Cafe Part-time PAY-20251010-EMP-HANA-CAFE-PARTTIME,62.04,,109728.02,SUPER,SUPER-PAY-20251010-EMP-HANA-CAFE-PARTTIME
099999123452,10/10/2025,PAYROLL NET WAGE Riley Retail Casual PAY-20251010-EMP-RILEY-RETAIL-CASUAL,726.75,,109790.06,PAYROLL,PAYNET-PAY-20251010-EMP-RILEY-RETAIL-CASUAL
099999123452,10/10/2025,PAYROLL NET WAGE Priya Retail Supervisor PAY-20251010-EMP-PRIYA-RETAIL-SUP,894.56,,110516.81,PAYROLL,PAYNET-PAY-20251010-EMP-PRIYA-RETAIL-SUP
099999123452,10/10/2025,PAYROLL NET WAGE Marco Hospitality Casual PAY-20251010-EMP-MARCO-HOSP-CASUAL,258.48,,111411.37,PAYROLL,PAYNET-PAY-20251010-EMP-MARCO-HOSP-CASUAL
099999123452,10/10/2025,PAYROLL NET WAGE Hana Cafe Part-time PAY-20251010-EMP-HANA-CAFE-PARTTIME,491.00,,111669.85,PAYROLL,PAYNET-PAY-20251010-EMP-HANA-CAFE-PARTTIME
099999123452,10/10/2025,PAYG WITHHOLDING REMITTANCE ATO Riley Retail Casual PAY-20251010-EMP-RILEY-RETAIL-CASUAL,103.00,,112160.85,PAYROLL_TAX,PAYG-PAY-20251010-EMP-RILEY-RETAIL-CASUAL
099999123452,10/10/2025,PAYG WITHHOLDING REMITTANCE ATO Priya Retail Supervisor PAY-20251010-EMP-PRIYA-RETAIL-SUP,174.00,,112263.85,PAYROLL_TAX,PAYG-PAY-20251010-EMP-PRIYA-RETAIL-SUP
099999123452,10/10/2025,PAYG WITHHOLDING REMITTANCE ATO Hana Cafe Part-time PAY-20251010-EMP-HANA-CAFE-PARTTIME,26.00,,112437.85,PAYROLL_TAX,PAYG-PAY-20251010-EMP-HANA-CAFE-PARTTIME
099999123452,04/10/2025,WITHDRAWAL-OSKO PAYMENT Bank BANKFEE-202509,35.00,,112463.85,PAYMENT,BTP-000012
099999123452,03/10/2025,SUPER CLEARING HOUSE Riley Retail Casual PAY-20251003-EMP-RILEY-RETAIL-CASUAL,99.57,,112498.85,SUPER,SUPER-PAY-20251003-EMP-RILEY-RETAIL-CASUAL
099999123452,03/10/2025,SUPER CLEARING HOUSE Priya Retail Supervisor PAY-20251003-EMP-PRIYA-RETAIL-SUP,128.23,,112598.42,SUPER,SUPER-PAY-20251003-EMP-PRIYA-RETAIL-SUP
099999123452,03/10/2025,SUPER CLEARING HOUSE Marco Hospitality Casual PAY-20251003-EMP-MARCO-HOSP-CASUAL,31.02,,112726.65,SUPER,SUPER-PAY-20251003-EMP-MARCO-HOSP-CASUAL
099999123452,03/10/2025,SUPER CLEARING HOUSE Hana Cafe Part-time PAY-20251003-EMP-HANA-CAFE-PARTTIME,62.04,,112757.67,SUPER,SUPER-PAY-20251003-EMP-HANA-CAFE-PARTTIME
099999123452,03/10/2025,PAYROLL NET WAGE Riley Retail Casual PAY-20251003-EMP-RILEY-RETAIL-CASUAL,726.75,,112819.71,PAYROLL,PAYNET-PAY-20251003-EMP-RILEY-RETAIL-CASUAL
099999123452,03/10/2025,PAYROLL NET WAGE Priya Retail Supervisor PAY-20251003-EMP-PRIYA-RETAIL-SUP,894.56,,113546.46,PAYROLL,PAYNET-PAY-20251003-EMP-PRIYA-RETAIL-SUP
099999123452,03/10/2025,PAYROLL NET WAGE Marco Hospitality Casual PAY-20251003-EMP-MARCO-HOSP-CASUAL,258.48,,114441.02,PAYROLL,PAYNET-PAY-20251003-EMP-MARCO-HOSP-CASUAL
099999123452,03/10/2025,PAYROLL NET WAGE Hana Cafe Part-time PAY-20251003-EMP-HANA-CAFE-PARTTIME,491.00,,114699.50,PAYROLL,PAYNET-PAY-20251003-EMP-HANA-CAFE-PARTTIME
099999123452,03/10/2025,PAYG WITHHOLDING REMITTANCE ATO Riley Retail Casual PAY-20251003-EMP-RILEY-RETAIL-CASUAL,103.00,,115190.50,PAYROLL_TAX,PAYG-PAY-20251003-EMP-RILEY-RETAIL-CASUAL
099999123452,03/10/2025,PAYG WITHHOLDING REMITTANCE ATO Priya Retail Supervisor PAY-20251003-EMP-PRIYA-RETAIL-SUP,174.00,,115293.50,PAYROLL_TAX,PAYG-PAY-20251003-EMP-PRIYA-RETAIL-SUP
099999123452,03/10/2025,PAYG WITHHOLDING REMITTANCE ATO Hana Cafe Part-time PAY-20251003-EMP-HANA-CAFE-PARTTIME,26.00,,115467.50,PAYROLL_TAX,PAYG-PAY-20251003-EMP-HANA-CAFE-PARTTIME
099999123452,26/09/2025,SUPER CLEARING HOUSE Riley Retail Casual PAY-20250926-EMP-RILEY-RETAIL-CASUAL,99.57,,115493.50,SUPER,SUPER-PAY-20250926-EMP-RILEY-RETAIL-CASUAL
099999123452,26/09/2025,SUPER CLEARING HOUSE Priya Retail Supervisor PAY-20250926-EMP-PRIYA-RETAIL-SUP,128.23,,115593.07,SUPER,SUPER-PAY-20250926-EMP-PRIYA-RETAIL-SUP
099999123452,26/09/2025,SUPER CLEARING HOUSE Marco Hospitality Casual PAY-20250926-EMP-MARCO-HOSP-CASUAL,62.04,,115721.30,SUPER,SUPER-PAY-20250926-EMP-MARCO-HOSP-CASUAL
099999123452,26/09/2025,SUPER CLEARING HOUSE Hana Cafe Part-time PAY-20250926-EMP-HANA-CAFE-PARTTIME,62.04,,115783.34,SUPER,SUPER-PAY-20250926-EMP-HANA-CAFE-PARTTIME
099999123452,26/09/2025,PAYROLL NET WAGE Riley Retail Casual PAY-20250926-EMP-RILEY-RETAIL-CASUAL,726.75,,115845.38,PAYROLL,PAYNET-PAY-20250926-EMP-RILEY-RETAIL-CASUAL
099999123452,26/09/2025,PAYROLL NET WAGE Priya Retail Supervisor PAY-20250926-EMP-PRIYA-RETAIL-SUP,894.56,,116572.13,PAYROLL,PAYNET-PAY-20250926-EMP-PRIYA-RETAIL-SUP
099999123452,26/09/2025,PAYROLL NET WAGE Marco Hospitality Casual PAY-20250926-EMP-MARCO-HOSP-CASUAL,491.00,,117466.69,PAYROLL,PAYNET-PAY-20250926-EMP-MARCO-HOSP-CASUAL
099999123452,26/09/2025,PAYROLL NET WAGE Hana Cafe Part-time PAY-20250926-EMP-HANA-CAFE-PARTTIME,491.00,,117957.69,PAYROLL,PAYNET-PAY-20250926-EMP-HANA-CAFE-PARTTIME
099999123452,26/09/2025,PAYG WITHHOLDING REMITTANCE ATO Riley Retail Casual PAY-20250926-EMP-RILEY-RETAIL-CASUAL,103.00,,118448.69,PAYROLL_TAX,PAYG-PAY-20250926-EMP-RILEY-RETAIL-CASUAL
099999123452,26/09/2025,PAYG WITHHOLDING REMITTANCE ATO Priya Retail Supervisor PAY-20250926-EMP-PRIYA-RETAIL-SUP,174.00,,118551.69,PAYROLL_TAX,PAYG-PAY-20250926-EMP-PRIYA-RETAIL-SUP
099999123452,26/09/2025,PAYG WITHHOLDING REMITTANCE ATO Marco Hospitality Casual PAY-20250926-EMP-MARCO-HOSP-CASUAL,26.00,,118725.69,PAYROLL_TAX,PAYG-PAY-20250926-EMP-MARCO-HOSP-CASUAL
099999123452,26/09/2025,PAYG WITHHOLDING REMITTANCE ATO Hana Cafe Part-time PAY-20250926-EMP-HANA-CAFE-PARTTIME,26.00,,118751.69,PAYROLL_TAX,PAYG-PAY-20250926-EMP-HANA-CAFE-PARTTIME
099999123452,25/09/2025,WITHDRAWAL-OSKO PAYMENT Peak Local Marketing Pty Ltd CONTRACT-202509,1980.00,,118777.69,PAYMENT,BTP-000011
099999123452,22/09/2025,WITHDRAWAL-OSKO PAYMENT Cloud Software Vendors SOFT-202509,1045.00,,120757.69,PAYMENT,BTP-000010
099999123452,19/09/2025,SUPER CLEARING HOUSE Riley Retail Casual PAY-20250919-EMP-RILEY-RETAIL-CASUAL,99.57,,121802.69,SUPER,SUPER-PAY-20250919-EMP-RILEY-RETAIL-CASUAL
099999123452,19/09/2025,SUPER CLEARING HOUSE Priya Retail Supervisor PAY-20250919-EMP-PRIYA-RETAIL-SUP,128.23,,121902.26,SUPER,SUPER-PAY-20250919-EMP-PRIYA-RETAIL-SUP
099999123452,19/09/2025,SUPER CLEARING HOUSE Marco Hospitality Casual PAY-20250919-EMP-MARCO-HOSP-CASUAL,54.29,,122030.49,SUPER,SUPER-PAY-20250919-EMP-MARCO-HOSP-CASUAL
099999123452,19/09/2025,SUPER CLEARING HOUSE Hana Cafe Part-time PAY-20250919-EMP-HANA-CAFE-PARTTIME,62.04,,122084.78,SUPER,SUPER-PAY-20250919-EMP-HANA-CAFE-PARTTIME
099999123452,19/09/2025,PAYROLL NET WAGE Riley Retail Casual PAY-20250919-EMP-RILEY-RETAIL-CASUAL,726.75,,122146.82,PAYROLL,PAYNET-PAY-20250919-EMP-RILEY-RETAIL-CASUAL
099999123452,19/09/2025,PAYROLL NET WAGE Priya Retail Supervisor PAY-20250919-EMP-PRIYA-RETAIL-SUP,894.56,,122873.57,PAYROLL,PAYNET-PAY-20250919-EMP-PRIYA-RETAIL-SUP
099999123452,19/09/2025,PAYROLL NET WAGE Marco Hospitality Casual PAY-20250919-EMP-MARCO-HOSP-CASUAL,437.38,,123768.13,PAYROLL,PAYNET-PAY-20250919-EMP-MARCO-HOSP-CASUAL
099999123452,19/09/2025,PAYROLL NET WAGE Hana Cafe Part-time PAY-20250919-EMP-HANA-CAFE-PARTTIME,491.00,,124205.51,PAYROLL,PAYNET-PAY-20250919-EMP-HANA-CAFE-PARTTIME
099999123452,19/09/2025,PAYG WITHHOLDING REMITTANCE ATO Riley Retail Casual PAY-20250919-EMP-RILEY-RETAIL-CASUAL,103.00,,124696.51,PAYROLL_TAX,PAYG-PAY-20250919-EMP-RILEY-RETAIL-CASUAL
099999123452,19/09/2025,PAYG WITHHOLDING REMITTANCE ATO Priya Retail Supervisor PAY-20250919-EMP-PRIYA-RETAIL-SUP,174.00,,124799.51,PAYROLL_TAX,PAYG-PAY-20250919-EMP-PRIYA-RETAIL-SUP
099999123452,19/09/2025,PAYG WITHHOLDING REMITTANCE ATO Marco Hospitality Casual PAY-20250919-EMP-MARCO-HOSP-CASUAL,15.00,,124973.51,PAYROLL_TAX,PAYG-PAY-20250919-EMP-MARCO-HOSP-CASUAL
099999123452,19/09/2025,PAYG WITHHOLDING REMITTANCE ATO Hana Cafe Part-time PAY-20250919-EMP-HANA-CAFE-PARTTIME,26.00,,124988.51,PAYROLL_TAX,PAYG-PAY-20250919-EMP-HANA-CAFE-PARTTIME
099999123452,18/09/2025,DEPOSIT OSKO PAYMENT Retail Client A INV-003,,47025.00,125014.51,DEP,BTR-000003
099999123452,16/09/2025,WITHDRAWAL-OSKO PAYMENT Harbour Property Trust RENT-202509,8580.00,,77989.51,PAYMENT,BTP-000009
099999123452,12/09/2025,SUPER CLEARING HOUSE Riley Retail Casual PAY-20250912-EMP-RILEY-RETAIL-CASUAL,99.57,,86569.51,SUPER,SUPER-PAY-20250912-EMP-RILEY-RETAIL-CASUAL
099999123452,12/09/2025,SUPER CLEARING HOUSE Priya Retail Supervisor PAY-20250912-EMP-PRIYA-RETAIL-SUP,128.23,,86669.08,SUPER,SUPER-PAY-20250912-EMP-PRIYA-RETAIL-SUP
099999123452,12/09/2025,SUPER CLEARING HOUSE Marco Hospitality Casual PAY-20250912-EMP-MARCO-HOSP-CASUAL,31.02,,86797.31,SUPER,SUPER-PAY-20250912-EMP-MARCO-HOSP-CASUAL
099999123452,12/09/2025,SUPER CLEARING HOUSE Hana Cafe Part-time PAY-20250912-EMP-HANA-CAFE-PARTTIME,62.04,,86828.33,SUPER,SUPER-PAY-20250912-EMP-HANA-CAFE-PARTTIME
099999123452,12/09/2025,PAYROLL NET WAGE Riley Retail Casual PAY-20250912-EMP-RILEY-RETAIL-CASUAL,726.75,,86890.37,PAYROLL,PAYNET-PAY-20250912-EMP-RILEY-RETAIL-CASUAL
099999123452,12/09/2025,PAYROLL NET WAGE Priya Retail Supervisor PAY-20250912-EMP-PRIYA-RETAIL-SUP,894.56,,87617.12,PAYROLL,PAYNET-PAY-20250912-EMP-PRIYA-RETAIL-SUP
099999123452,12/09/2025,PAYROLL NET WAGE Marco Hospitality Casual PAY-20250912-EMP-MARCO-HOSP-CASUAL,258.48,,88511.68,PAYROLL,PAYNET-PAY-20250912-EMP-MARCO-HOSP-CASUAL
099999123452,12/09/2025,PAYROLL NET WAGE Hana Cafe Part-time PAY-20250912-EMP-HANA-CAFE-PARTTIME,491.00,,88770.16,PAYROLL,PAYNET-PAY-20250912-EMP-HANA-CAFE-PARTTIME
099999123452,12/09/2025,PAYG WITHHOLDING REMITTANCE ATO Riley Retail Casual PAY-20250912-EMP-RILEY-RETAIL-CASUAL,103.00,,89261.16,PAYROLL_TAX,PAYG-PAY-20250912-EMP-RILEY-RETAIL-CASUAL
099999123452,12/09/2025,PAYG WITHHOLDING REMITTANCE ATO Priya Retail Supervisor PAY-20250912-EMP-PRIYA-RETAIL-SUP,174.00,,89364.16,PAYROLL_TAX,PAYG-PAY-20250912-EMP-PRIYA-RETAIL-SUP
099999123452,12/09/2025,PAYG WITHHOLDING REMITTANCE ATO Hana Cafe Part-time PAY-20250912-EMP-HANA-CAFE-PARTTIME,26.00,,89538.16,PAYROLL_TAX,PAYG-PAY-20250912-EMP-HANA-CAFE-PARTTIME
099999123452,05/09/2025,SUPER CLEARING HOUSE Riley Retail Casual PAY-20250905-EMP-RILEY-RETAIL-CASUAL,99.57,,89564.16,SUPER,SUPER-PAY-20250905-EMP-RILEY-RETAIL-CASUAL
099999123452,05/09/2025,SUPER CLEARING HOUSE Priya Retail Supervisor PAY-20250905-EMP-PRIYA-RETAIL-SUP,128.23,,89663.73,SUPER,SUPER-PAY-20250905-EMP-PRIYA-RETAIL-SUP
099999123452,05/09/2025,SUPER CLEARING HOUSE Marco Hospitality Casual PAY-20250905-EMP-MARCO-HOSP-CASUAL,31.02,,89791.96,SUPER,SUPER-PAY-20250905-EMP-MARCO-HOSP-CASUAL
099999123452,05/09/2025,SUPER CLEARING HOUSE Hana Cafe Part-time PAY-20250905-EMP-HANA-CAFE-PARTTIME,62.04,,89822.98,SUPER,SUPER-PAY-20250905-EMP-HANA-CAFE-PARTTIME
099999123452,05/09/2025,PAYROLL NET WAGE Riley Retail Casual PAY-20250905-EMP-RILEY-RETAIL-CASUAL,726.75,,89885.02,PAYROLL,PAYNET-PAY-20250905-EMP-RILEY-RETAIL-CASUAL
099999123452,05/09/2025,PAYROLL NET WAGE Priya Retail Supervisor PAY-20250905-EMP-PRIYA-RETAIL-SUP,894.56,,90611.77,PAYROLL,PAYNET-PAY-20250905-EMP-PRIYA-RETAIL-SUP
099999123452,05/09/2025,PAYROLL NET WAGE Marco Hospitality Casual PAY-20250905-EMP-MARCO-HOSP-CASUAL,258.48,,91506.33,PAYROLL,PAYNET-PAY-20250905-EMP-MARCO-HOSP-CASUAL
099999123452,05/09/2025,PAYROLL NET WAGE Hana Cafe Part-time PAY-20250905-EMP-HANA-CAFE-PARTTIME,491.00,,91764.81,PAYROLL,PAYNET-PAY-20250905-EMP-HANA-CAFE-PARTTIME
099999123452,05/09/2025,PAYG WITHHOLDING REMITTANCE ATO Riley Retail Casual PAY-20250905-EMP-RILEY-RETAIL-CASUAL,103.00,,92255.81,PAYROLL_TAX,PAYG-PAY-20250905-EMP-RILEY-RETAIL-CASUAL
099999123452,05/09/2025,PAYG WITHHOLDING REMITTANCE ATO Priya Retail Supervisor PAY-20250905-EMP-PRIYA-RETAIL-SUP,174.00,,92358.81,PAYROLL_TAX,PAYG-PAY-20250905-EMP-PRIYA-RETAIL-SUP
099999123452,05/09/2025,PAYG WITHHOLDING REMITTANCE ATO Hana Cafe Part-time PAY-20250905-EMP-HANA-CAFE-PARTTIME,26.00,,92532.81,PAYROLL_TAX,PAYG-PAY-20250905-EMP-HANA-CAFE-PARTTIME
099999123452,03/09/2025,WITHDRAWAL-OSKO PAYMENT Bank BANKFEE-202508,35.00,,92558.81,PAYMENT,BTP-000008
099999123452,29/08/2025,SUPER CLEARING HOUSE Riley Retail Casual PAY-20250829-EMP-RILEY-RETAIL-CASUAL,99.57,,92593.81,SUPER,SUPER-PAY-20250829-EMP-RILEY-RETAIL-CASUAL
099999123452,29/08/2025,SUPER CLEARING HOUSE Priya Retail Supervisor PAY-20250829-EMP-PRIYA-RETAIL-SUP,128.23,,92693.38,SUPER,SUPER-PAY-20250829-EMP-PRIYA-RETAIL-SUP
099999123452,29/08/2025,SUPER CLEARING HOUSE Marco Hospitality Casual PAY-20250829-EMP-MARCO-HOSP-CASUAL,31.02,,92821.61,SUPER,SUPER-PAY-20250829-EMP-MARCO-HOSP-CASUAL
099999123452,29/08/2025,SUPER CLEARING HOUSE Hana Cafe Part-time PAY-20250829-EMP-HANA-CAFE-PARTTIME,62.04,,92852.63,SUPER,SUPER-PAY-20250829-EMP-HANA-CAFE-PARTTIME
099999123452,29/08/2025,PAYROLL NET WAGE Riley Retail Casual PAY-20250829-EMP-RILEY-RETAIL-CASUAL,726.75,,92914.67,PAYROLL,PAYNET-PAY-20250829-EMP-RILEY-RETAIL-CASUAL
099999123452,29/08/2025,PAYROLL NET WAGE Priya Retail Supervisor PAY-20250829-EMP-PRIYA-RETAIL-SUP,894.56,,93641.42,PAYROLL,PAYNET-PAY-20250829-EMP-PRIYA-RETAIL-SUP
099999123452,29/08/2025,PAYROLL NET WAGE Marco Hospitality Casual PAY-20250829-EMP-MARCO-HOSP-CASUAL,258.48,,94535.98,PAYROLL,PAYNET-PAY-20250829-EMP-MARCO-HOSP-CASUAL
099999123452,29/08/2025,PAYROLL NET WAGE Hana Cafe Part-time PAY-20250829-EMP-HANA-CAFE-PARTTIME,491.00,,94794.46,PAYROLL,PAYNET-PAY-20250829-EMP-HANA-CAFE-PARTTIME
099999123452,29/08/2025,PAYG WITHHOLDING REMITTANCE ATO Riley Retail Casual PAY-20250829-EMP-RILEY-RETAIL-CASUAL,103.00,,95285.46,PAYROLL_TAX,PAYG-PAY-20250829-EMP-RILEY-RETAIL-CASUAL
099999123452,29/08/2025,PAYG WITHHOLDING REMITTANCE ATO Priya Retail Supervisor PAY-20250829-EMP-PRIYA-RETAIL-SUP,174.00,,95388.46,PAYROLL_TAX,PAYG-PAY-20250829-EMP-PRIYA-RETAIL-SUP
099999123452,29/08/2025,PAYG WITHHOLDING REMITTANCE ATO Hana Cafe Part-time PAY-20250829-EMP-HANA-CAFE-PARTTIME,26.00,,95562.46,PAYROLL_TAX,PAYG-PAY-20250829-EMP-HANA-CAFE-PARTTIME
099999123452,25/08/2025,WITHDRAWAL-OSKO PAYMENT Peak Local Marketing Pty Ltd CONTRACT-202508,1980.00,,95588.46,PAYMENT,BTP-000007
099999123452,22/08/2025,SUPER CLEARING HOUSE Riley Retail Casual PAY-20250822-EMP-RILEY-RETAIL-CASUAL,99.57,,97568.46,SUPER,SUPER-PAY-20250822-EMP-RILEY-RETAIL-CASUAL
099999123452,22/08/2025,SUPER CLEARING HOUSE Priya Retail Supervisor PAY-20250822-EMP-PRIYA-RETAIL-SUP,128.23,,97668.03,SUPER,SUPER-PAY-20250822-EMP-PRIYA-RETAIL-SUP
099999123452,22/08/2025,SUPER CLEARING HOUSE Marco Hospitality Casual PAY-20250822-EMP-MARCO-HOSP-CASUAL,54.29,,97796.26,SUPER,SUPER-PAY-20250822-EMP-MARCO-HOSP-CASUAL
099999123452,22/08/2025,SUPER CLEARING HOUSE Hana Cafe Part-time PAY-20250822-EMP-HANA-CAFE-PARTTIME,62.04,,97850.55,SUPER,SUPER-PAY-20250822-EMP-HANA-CAFE-PARTTIME
099999123452,22/08/2025,PAYROLL NET WAGE Riley Retail Casual PAY-20250822-EMP-RILEY-RETAIL-CASUAL,726.75,,97912.59,PAYROLL,PAYNET-PAY-20250822-EMP-RILEY-RETAIL-CASUAL
099999123452,22/08/2025,PAYROLL NET WAGE Priya Retail Supervisor PAY-20250822-EMP-PRIYA-RETAIL-SUP,894.56,,98639.34,PAYROLL,PAYNET-PAY-20250822-EMP-PRIYA-RETAIL-SUP
099999123452,22/08/2025,PAYROLL NET WAGE Marco Hospitality Casual PAY-20250822-EMP-MARCO-HOSP-CASUAL,437.38,,99533.90,PAYROLL,PAYNET-PAY-20250822-EMP-MARCO-HOSP-CASUAL
099999123452,22/08/2025,PAYROLL NET WAGE Hana Cafe Part-time PAY-20250822-EMP-HANA-CAFE-PARTTIME,491.00,,99971.28,PAYROLL,PAYNET-PAY-20250822-EMP-HANA-CAFE-PARTTIME
099999123452,22/08/2025,PAYG WITHHOLDING REMITTANCE ATO Riley Retail Casual PAY-20250822-EMP-RILEY-RETAIL-CASUAL,103.00,,100462.28,PAYROLL_TAX,PAYG-PAY-20250822-EMP-RILEY-RETAIL-CASUAL
099999123452,22/08/2025,PAYG WITHHOLDING REMITTANCE ATO Priya Retail Supervisor PAY-20250822-EMP-PRIYA-RETAIL-SUP,174.00,,100565.28,PAYROLL_TAX,PAYG-PAY-20250822-EMP-PRIYA-RETAIL-SUP
099999123452,22/08/2025,PAYG WITHHOLDING REMITTANCE ATO Marco Hospitality Casual PAY-20250822-EMP-MARCO-HOSP-CASUAL,15.00,,100739.28,PAYROLL_TAX,PAYG-PAY-20250822-EMP-MARCO-HOSP-CASUAL
099999123452,22/08/2025,PAYG WITHHOLDING REMITTANCE ATO Hana Cafe Part-time PAY-20250822-EMP-HANA-CAFE-PARTTIME,26.00,,100754.28,PAYROLL_TAX,PAYG-PAY-20250822-EMP-HANA-CAFE-PARTTIME
099999123452,22/08/2025,WITHDRAWAL-OSKO PAYMENT Cloud Software Vendors SOFT-202508,1045.00,,100780.28,PAYMENT,BTP-000006
099999123452,18/08/2025,DEPOSIT OSKO PAYMENT Retail Client C INV-002,,46750.00,101825.28,DEP,BTR-000002
099999123452,16/08/2025,WITHDRAWAL-OSKO PAYMENT Harbour Property Trust RENT-202508,8580.00,,55075.28,PAYMENT,BTP-000005
099999123452,15/08/2025,SUPER CLEARING HOUSE Riley Retail Casual PAY-20250815-EMP-RILEY-RETAIL-CASUAL,99.57,,63655.28,SUPER,SUPER-PAY-20250815-EMP-RILEY-RETAIL-CASUAL
099999123452,15/08/2025,SUPER CLEARING HOUSE Priya Retail Supervisor PAY-20250815-EMP-PRIYA-RETAIL-SUP,128.23,,63754.85,SUPER,SUPER-PAY-20250815-EMP-PRIYA-RETAIL-SUP
099999123452,15/08/2025,SUPER CLEARING HOUSE Marco Hospitality Casual PAY-20250815-EMP-MARCO-HOSP-CASUAL,31.02,,63883.08,SUPER,SUPER-PAY-20250815-EMP-MARCO-HOSP-CASUAL
099999123452,15/08/2025,SUPER CLEARING HOUSE Hana Cafe Part-time PAY-20250815-EMP-HANA-CAFE-PARTTIME,62.04,,63914.10,SUPER,SUPER-PAY-20250815-EMP-HANA-CAFE-PARTTIME
099999123452,15/08/2025,PAYROLL NET WAGE Riley Retail Casual PAY-20250815-EMP-RILEY-RETAIL-CASUAL,726.75,,63976.14,PAYROLL,PAYNET-PAY-20250815-EMP-RILEY-RETAIL-CASUAL
099999123452,15/08/2025,PAYROLL NET WAGE Priya Retail Supervisor PAY-20250815-EMP-PRIYA-RETAIL-SUP,894.56,,64702.89,PAYROLL,PAYNET-PAY-20250815-EMP-PRIYA-RETAIL-SUP
099999123452,15/08/2025,PAYROLL NET WAGE Marco Hospitality Casual PAY-20250815-EMP-MARCO-HOSP-CASUAL,258.48,,65597.45,PAYROLL,PAYNET-PAY-20250815-EMP-MARCO-HOSP-CASUAL
099999123452,15/08/2025,PAYROLL NET WAGE Hana Cafe Part-time PAY-20250815-EMP-HANA-CAFE-PARTTIME,491.00,,65855.93,PAYROLL,PAYNET-PAY-20250815-EMP-HANA-CAFE-PARTTIME
099999123452,15/08/2025,PAYG WITHHOLDING REMITTANCE ATO Riley Retail Casual PAY-20250815-EMP-RILEY-RETAIL-CASUAL,103.00,,66346.93,PAYROLL_TAX,PAYG-PAY-20250815-EMP-RILEY-RETAIL-CASUAL
099999123452,15/08/2025,PAYG WITHHOLDING REMITTANCE ATO Priya Retail Supervisor PAY-20250815-EMP-PRIYA-RETAIL-SUP,174.00,,66449.93,PAYROLL_TAX,PAYG-PAY-20250815-EMP-PRIYA-RETAIL-SUP
099999123452,15/08/2025,PAYG WITHHOLDING REMITTANCE ATO Hana Cafe Part-time PAY-20250815-EMP-HANA-CAFE-PARTTIME,26.00,,66623.93,PAYROLL_TAX,PAYG-PAY-20250815-EMP-HANA-CAFE-PARTTIME
099999123452,08/08/2025,SUPER CLEARING HOUSE Riley Retail Casual PAY-20250808-EMP-RILEY-RETAIL-CASUAL,99.57,,66649.93,SUPER,SUPER-PAY-20250808-EMP-RILEY-RETAIL-CASUAL
099999123452,08/08/2025,SUPER CLEARING HOUSE Priya Retail Supervisor PAY-20250808-EMP-PRIYA-RETAIL-SUP,128.23,,66749.50,SUPER,SUPER-PAY-20250808-EMP-PRIYA-RETAIL-SUP
099999123452,08/08/2025,SUPER CLEARING HOUSE Marco Hospitality Casual PAY-20250808-EMP-MARCO-HOSP-CASUAL,31.02,,66877.73,SUPER,SUPER-PAY-20250808-EMP-MARCO-HOSP-CASUAL
099999123452,08/08/2025,SUPER CLEARING HOUSE Hana Cafe Part-time PAY-20250808-EMP-HANA-CAFE-PARTTIME,62.04,,66908.75,SUPER,SUPER-PAY-20250808-EMP-HANA-CAFE-PARTTIME
099999123452,08/08/2025,PAYROLL NET WAGE Riley Retail Casual PAY-20250808-EMP-RILEY-RETAIL-CASUAL,726.75,,66970.79,PAYROLL,PAYNET-PAY-20250808-EMP-RILEY-RETAIL-CASUAL
099999123452,08/08/2025,PAYROLL NET WAGE Priya Retail Supervisor PAY-20250808-EMP-PRIYA-RETAIL-SUP,894.56,,67697.54,PAYROLL,PAYNET-PAY-20250808-EMP-PRIYA-RETAIL-SUP
099999123452,08/08/2025,PAYROLL NET WAGE Marco Hospitality Casual PAY-20250808-EMP-MARCO-HOSP-CASUAL,258.48,,68592.10,PAYROLL,PAYNET-PAY-20250808-EMP-MARCO-HOSP-CASUAL
099999123452,08/08/2025,PAYROLL NET WAGE Hana Cafe Part-time PAY-20250808-EMP-HANA-CAFE-PARTTIME,491.00,,68850.58,PAYROLL,PAYNET-PAY-20250808-EMP-HANA-CAFE-PARTTIME
099999123452,08/08/2025,PAYG WITHHOLDING REMITTANCE ATO Riley Retail Casual PAY-20250808-EMP-RILEY-RETAIL-CASUAL,103.00,,69341.58,PAYROLL_TAX,PAYG-PAY-20250808-EMP-RILEY-RETAIL-CASUAL
099999123452,08/08/2025,PAYG WITHHOLDING REMITTANCE ATO Priya Retail Supervisor PAY-20250808-EMP-PRIYA-RETAIL-SUP,174.00,,69444.58,PAYROLL_TAX,PAYG-PAY-20250808-EMP-PRIYA-RETAIL-SUP
099999123452,08/08/2025,PAYG WITHHOLDING REMITTANCE ATO Hana Cafe Part-time PAY-20250808-EMP-HANA-CAFE-PARTTIME,26.00,,69618.58,PAYROLL_TAX,PAYG-PAY-20250808-EMP-HANA-CAFE-PARTTIME
099999123452,03/08/2025,WITHDRAWAL-OSKO PAYMENT Bank BANKFEE-202507,35.00,,69644.58,PAYMENT,BTP-000004
099999123452,01/08/2025,SUPER CLEARING HOUSE Riley Retail Casual PAY-20250801-EMP-RILEY-RETAIL-CASUAL,99.57,,69679.58,SUPER,SUPER-PAY-20250801-EMP-RILEY-RETAIL-CASUAL
099999123452,01/08/2025,SUPER CLEARING HOUSE Priya Retail Supervisor PAY-20250801-EMP-PRIYA-RETAIL-SUP,128.23,,69779.15,SUPER,SUPER-PAY-20250801-EMP-PRIYA-RETAIL-SUP
099999123452,01/08/2025,SUPER CLEARING HOUSE Marco Hospitality Casual PAY-20250801-EMP-MARCO-HOSP-CASUAL,31.02,,69907.38,SUPER,SUPER-PAY-20250801-EMP-MARCO-HOSP-CASUAL
099999123452,01/08/2025,SUPER CLEARING HOUSE Hana Cafe Part-time PAY-20250801-EMP-HANA-CAFE-PARTTIME,62.04,,69938.40,SUPER,SUPER-PAY-20250801-EMP-HANA-CAFE-PARTTIME
099999123452,01/08/2025,PAYROLL NET WAGE Riley Retail Casual PAY-20250801-EMP-RILEY-RETAIL-CASUAL,726.75,,70000.44,PAYROLL,PAYNET-PAY-20250801-EMP-RILEY-RETAIL-CASUAL
099999123452,01/08/2025,PAYROLL NET WAGE Priya Retail Supervisor PAY-20250801-EMP-PRIYA-RETAIL-SUP,894.56,,70727.19,PAYROLL,PAYNET-PAY-20250801-EMP-PRIYA-RETAIL-SUP
099999123452,01/08/2025,PAYROLL NET WAGE Marco Hospitality Casual PAY-20250801-EMP-MARCO-HOSP-CASUAL,258.48,,71621.75,PAYROLL,PAYNET-PAY-20250801-EMP-MARCO-HOSP-CASUAL
099999123452,01/08/2025,PAYROLL NET WAGE Hana Cafe Part-time PAY-20250801-EMP-HANA-CAFE-PARTTIME,491.00,,71880.23,PAYROLL,PAYNET-PAY-20250801-EMP-HANA-CAFE-PARTTIME
099999123452,01/08/2025,PAYG WITHHOLDING REMITTANCE ATO Riley Retail Casual PAY-20250801-EMP-RILEY-RETAIL-CASUAL,103.00,,72371.23,PAYROLL_TAX,PAYG-PAY-20250801-EMP-RILEY-RETAIL-CASUAL
099999123452,01/08/2025,PAYG WITHHOLDING REMITTANCE ATO Priya Retail Supervisor PAY-20250801-EMP-PRIYA-RETAIL-SUP,174.00,,72474.23,PAYROLL_TAX,PAYG-PAY-20250801-EMP-PRIYA-RETAIL-SUP
099999123452,01/08/2025,PAYG WITHHOLDING REMITTANCE ATO Hana Cafe Part-time PAY-20250801-EMP-HANA-CAFE-PARTTIME,26.00,,72648.23,PAYROLL_TAX,PAYG-PAY-20250801-EMP-HANA-CAFE-PARTTIME
099999123452,25/07/2025,SUPER CLEARING HOUSE Riley Retail Casual PAY-20250725-EMP-RILEY-RETAIL-CASUAL,99.57,,72674.23,SUPER,SUPER-PAY-20250725-EMP-RILEY-RETAIL-CASUAL
099999123452,25/07/2025,SUPER CLEARING HOUSE Priya Retail Supervisor PAY-20250725-EMP-PRIYA-RETAIL-SUP,128.23,,72773.80,SUPER,SUPER-PAY-20250725-EMP-PRIYA-RETAIL-SUP
099999123452,25/07/2025,SUPER CLEARING HOUSE Marco Hospitality Casual PAY-20250725-EMP-MARCO-HOSP-CASUAL,54.29,,72902.03,SUPER,SUPER-PAY-20250725-EMP-MARCO-HOSP-CASUAL
099999123452,25/07/2025,SUPER CLEARING HOUSE Hana Cafe Part-time PAY-20250725-EMP-HANA-CAFE-PARTTIME,62.04,,72956.32,SUPER,SUPER-PAY-20250725-EMP-HANA-CAFE-PARTTIME
099999123452,25/07/2025,PAYROLL NET WAGE Riley Retail Casual PAY-20250725-EMP-RILEY-RETAIL-CASUAL,726.75,,73018.36,PAYROLL,PAYNET-PAY-20250725-EMP-RILEY-RETAIL-CASUAL
099999123452,25/07/2025,PAYROLL NET WAGE Priya Retail Supervisor PAY-20250725-EMP-PRIYA-RETAIL-SUP,894.56,,73745.11,PAYROLL,PAYNET-PAY-20250725-EMP-PRIYA-RETAIL-SUP
099999123452,25/07/2025,PAYROLL NET WAGE Marco Hospitality Casual PAY-20250725-EMP-MARCO-HOSP-CASUAL,437.38,,74639.67,PAYROLL,PAYNET-PAY-20250725-EMP-MARCO-HOSP-CASUAL
099999123452,25/07/2025,PAYROLL NET WAGE Hana Cafe Part-time PAY-20250725-EMP-HANA-CAFE-PARTTIME,491.00,,75077.05,PAYROLL,PAYNET-PAY-20250725-EMP-HANA-CAFE-PARTTIME
099999123452,25/07/2025,PAYG WITHHOLDING REMITTANCE ATO Riley Retail Casual PAY-20250725-EMP-RILEY-RETAIL-CASUAL,103.00,,75568.05,PAYROLL_TAX,PAYG-PAY-20250725-EMP-RILEY-RETAIL-CASUAL
099999123452,25/07/2025,PAYG WITHHOLDING REMITTANCE ATO Priya Retail Supervisor PAY-20250725-EMP-PRIYA-RETAIL-SUP,174.00,,75671.05,PAYROLL_TAX,PAYG-PAY-20250725-EMP-PRIYA-RETAIL-SUP
099999123452,25/07/2025,PAYG WITHHOLDING REMITTANCE ATO Marco Hospitality Casual PAY-20250725-EMP-MARCO-HOSP-CASUAL,15.00,,75845.05,PAYROLL_TAX,PAYG-PAY-20250725-EMP-MARCO-HOSP-CASUAL
099999123452,25/07/2025,PAYG WITHHOLDING REMITTANCE ATO Hana Cafe Part-time PAY-20250725-EMP-HANA-CAFE-PARTTIME,26.00,,75860.05,PAYROLL_TAX,PAYG-PAY-20250725-EMP-HANA-CAFE-PARTTIME
099999123452,25/07/2025,WITHDRAWAL-OSKO PAYMENT Peak Local Marketing Pty Ltd CONTRACT-202507,1980.00,,75886.05,PAYMENT,BTP-000003
099999123452,22/07/2025,WITHDRAWAL-OSKO PAYMENT Cloud Software Vendors SOFT-202507,1045.00,,77866.05,PAYMENT,BTP-000002
099999123452,18/07/2025,SUPER CLEARING HOUSE Riley Retail Casual PAY-20250718-EMP-RILEY-RETAIL-CASUAL,99.57,,78911.05,SUPER,SUPER-PAY-20250718-EMP-RILEY-RETAIL-CASUAL
099999123452,18/07/2025,SUPER CLEARING HOUSE Priya Retail Supervisor PAY-20250718-EMP-PRIYA-RETAIL-SUP,128.23,,79010.62,SUPER,SUPER-PAY-20250718-EMP-PRIYA-RETAIL-SUP
099999123452,18/07/2025,SUPER CLEARING HOUSE Marco Hospitality Casual PAY-20250718-EMP-MARCO-HOSP-CASUAL,31.02,,79138.85,SUPER,SUPER-PAY-20250718-EMP-MARCO-HOSP-CASUAL
099999123452,18/07/2025,SUPER CLEARING HOUSE Hana Cafe Part-time PAY-20250718-EMP-HANA-CAFE-PARTTIME,62.04,,79169.87,SUPER,SUPER-PAY-20250718-EMP-HANA-CAFE-PARTTIME
099999123452,18/07/2025,PAYROLL NET WAGE Riley Retail Casual PAY-20250718-EMP-RILEY-RETAIL-CASUAL,726.75,,79231.91,PAYROLL,PAYNET-PAY-20250718-EMP-RILEY-RETAIL-CASUAL
099999123452,18/07/2025,PAYROLL NET WAGE Priya Retail Supervisor PAY-20250718-EMP-PRIYA-RETAIL-SUP,894.56,,79958.66,PAYROLL,PAYNET-PAY-20250718-EMP-PRIYA-RETAIL-SUP
099999123452,18/07/2025,PAYROLL NET WAGE Marco Hospitality Casual PAY-20250718-EMP-MARCO-HOSP-CASUAL,258.48,,80853.22,PAYROLL,PAYNET-PAY-20250718-EMP-MARCO-HOSP-CASUAL
099999123452,18/07/2025,PAYROLL NET WAGE Hana Cafe Part-time PAY-20250718-EMP-HANA-CAFE-PARTTIME,491.00,,81111.70,PAYROLL,PAYNET-PAY-20250718-EMP-HANA-CAFE-PARTTIME
099999123452,18/07/2025,PAYG WITHHOLDING REMITTANCE ATO Riley Retail Casual PAY-20250718-EMP-RILEY-RETAIL-CASUAL,103.00,,81602.70,PAYROLL_TAX,PAYG-PAY-20250718-EMP-RILEY-RETAIL-CASUAL
099999123452,18/07/2025,PAYG WITHHOLDING REMITTANCE ATO Priya Retail Supervisor PAY-20250718-EMP-PRIYA-RETAIL-SUP,174.00,,81705.70,PAYROLL_TAX,PAYG-PAY-20250718-EMP-PRIYA-RETAIL-SUP
099999123452,18/07/2025,PAYG WITHHOLDING REMITTANCE ATO Hana Cafe Part-time PAY-20250718-EMP-HANA-CAFE-PARTTIME,26.00,,81879.70,PAYROLL_TAX,PAYG-PAY-20250718-EMP-HANA-CAFE-PARTTIME
099999123452,18/07/2025,DEPOSIT OSKO PAYMENT Retail Client B INV-001,,46475.00,81905.70,DEP,BTR-000001
099999123452,16/07/2025,WITHDRAWAL-OSKO PAYMENT Harbour Property Trust RENT-202507,8580.00,,35430.70,PAYMENT,BTP-000001
099999123452,11/07/2025,SUPER CLEARING HOUSE Riley Retail Casual PAY-20250711-EMP-RILEY-RETAIL-CASUAL,99.57,,44010.70,SUPER,SUPER-PAY-20250711-EMP-RILEY-RETAIL-CASUAL
099999123452,11/07/2025,SUPER CLEARING HOUSE Priya Retail Supervisor PAY-20250711-EMP-PRIYA-RETAIL-SUP,128.23,,44110.27,SUPER,SUPER-PAY-20250711-EMP-PRIYA-RETAIL-SUP
099999123452,11/07/2025,SUPER CLEARING HOUSE Marco Hospitality Casual PAY-20250711-EMP-MARCO-HOSP-CASUAL,31.02,,44238.50,SUPER,SUPER-PAY-20250711-EMP-MARCO-HOSP-CASUAL
099999123452,11/07/2025,SUPER CLEARING HOUSE Hana Cafe Part-time PAY-20250711-EMP-HANA-CAFE-PARTTIME,62.04,,44269.52,SUPER,SUPER-PAY-20250711-EMP-HANA-CAFE-PARTTIME
099999123452,11/07/2025,PAYROLL NET WAGE Riley Retail Casual PAY-20250711-EMP-RILEY-RETAIL-CASUAL,726.75,,44331.56,PAYROLL,PAYNET-PAY-20250711-EMP-RILEY-RETAIL-CASUAL
099999123452,11/07/2025,PAYROLL NET WAGE Priya Retail Supervisor PAY-20250711-EMP-PRIYA-RETAIL-SUP,894.56,,45058.31,PAYROLL,PAYNET-PAY-20250711-EMP-PRIYA-RETAIL-SUP
099999123452,11/07/2025,PAYROLL NET WAGE Marco Hospitality Casual PAY-20250711-EMP-MARCO-HOSP-CASUAL,258.48,,45952.87,PAYROLL,PAYNET-PAY-20250711-EMP-MARCO-HOSP-CASUAL
099999123452,11/07/2025,PAYROLL NET WAGE Hana Cafe Part-time PAY-20250711-EMP-HANA-CAFE-PARTTIME,491.00,,46211.35,PAYROLL,PAYNET-PAY-20250711-EMP-HANA-CAFE-PARTTIME
099999123452,11/07/2025,PAYG WITHHOLDING REMITTANCE ATO Riley Retail Casual PAY-20250711-EMP-RILEY-RETAIL-CASUAL,103.00,,46702.35,PAYROLL_TAX,PAYG-PAY-20250711-EMP-RILEY-RETAIL-CASUAL
099999123452,11/07/2025,PAYG WITHHOLDING REMITTANCE ATO Priya Retail Supervisor PAY-20250711-EMP-PRIYA-RETAIL-SUP,174.00,,46805.35,PAYROLL_TAX,PAYG-PAY-20250711-EMP-PRIYA-RETAIL-SUP
099999123452,11/07/2025,PAYG WITHHOLDING REMITTANCE ATO Hana Cafe Part-time PAY-20250711-EMP-HANA-CAFE-PARTTIME,26.00,,46979.35,PAYROLL_TAX,PAYG-PAY-20250711-EMP-HANA-CAFE-PARTTIME
099999123452,04/07/2025,SUPER CLEARING HOUSE Riley Retail Casual PAY-20250704-EMP-RILEY-RETAIL-CASUAL,99.57,,47005.35,SUPER,SUPER-PAY-20250704-EMP-RILEY-RETAIL-CASUAL
099999123452,04/07/2025,SUPER CLEARING HOUSE Priya Retail Supervisor PAY-20250704-EMP-PRIYA-RETAIL-SUP,128.23,,47104.92,SUPER,SUPER-PAY-20250704-EMP-PRIYA-RETAIL-SUP
099999123452,04/07/2025,SUPER CLEARING HOUSE Marco Hospitality Casual PAY-20250704-EMP-MARCO-HOSP-CASUAL,31.02,,47233.15,SUPER,SUPER-PAY-20250704-EMP-MARCO-HOSP-CASUAL
099999123452,04/07/2025,SUPER CLEARING HOUSE Hana Cafe Part-time PAY-20250704-EMP-HANA-CAFE-PARTTIME,62.04,,47264.17,SUPER,SUPER-PAY-20250704-EMP-HANA-CAFE-PARTTIME
099999123452,04/07/2025,PAYROLL NET WAGE Riley Retail Casual PAY-20250704-EMP-RILEY-RETAIL-CASUAL,726.75,,47326.21,PAYROLL,PAYNET-PAY-20250704-EMP-RILEY-RETAIL-CASUAL
099999123452,04/07/2025,PAYROLL NET WAGE Priya Retail Supervisor PAY-20250704-EMP-PRIYA-RETAIL-SUP,894.56,,48052.96,PAYROLL,PAYNET-PAY-20250704-EMP-PRIYA-RETAIL-SUP
099999123452,04/07/2025,PAYROLL NET WAGE Marco Hospitality Casual PAY-20250704-EMP-MARCO-HOSP-CASUAL,258.48,,48947.52,PAYROLL,PAYNET-PAY-20250704-EMP-MARCO-HOSP-CASUAL
099999123452,04/07/2025,PAYROLL NET WAGE Hana Cafe Part-time PAY-20250704-EMP-HANA-CAFE-PARTTIME,491.00,,49206.00,PAYROLL,PAYNET-PAY-20250704-EMP-HANA-CAFE-PARTTIME
099999123452,04/07/2025,PAYG WITHHOLDING REMITTANCE ATO Riley Retail Casual PAY-20250704-EMP-RILEY-RETAIL-CASUAL,103.00,,49697.00,PAYROLL_TAX,PAYG-PAY-20250704-EMP-RILEY-RETAIL-CASUAL
099999123452,04/07/2025,PAYG WITHHOLDING REMITTANCE ATO Priya Retail Supervisor PAY-20250704-EMP-PRIYA-RETAIL-SUP,174.00,,49800.00,PAYROLL_TAX,PAYG-PAY-20250704-EMP-PRIYA-RETAIL-SUP
099999123452,04/07/2025,PAYG WITHHOLDING REMITTANCE ATO Hana Cafe Part-time PAY-20250704-EMP-HANA-CAFE-PARTTIME,26.00,,49974.00,PAYROLL_TAX,PAYG-PAY-20250704-EMP-HANA-CAFE-PARTTIME
