Bank Account,Date,Narrative,Debit Amount,Credit Amount,Balance,Categories,Serial
099999123453,04/07/2026,WITHDRAWAL-OSKO PAYMENT Bank BANKFEE-202606,35.00,,441978.88,PAYMENT,BTP-000048
099999123453,26/06/2026,SUPER CLEARING HOUSE Nina Sales Representative PAY-20260626-EMP-NINA-SALES,128.63,,442013.88,SUPER,SUPER-PAY-20260626-EMP-NINA-SALES
099999123453,26/06/2026,SUPER CLEARING HOUSE Grace High Income QA PAY-20260626-EMP-GRACE-HIG,415.38,,442142.51,SUPER,SUPER-PAY-20260626-EMP-GRACE-HIG
099999123453,26/06/2026,SUPER CLEARING HOUSE Ben Builder PAY-20260626-EMP-BEN-BUILDER,140.65,,442557.89,SUPER,SUPER-PAY-20260626-EMP-BEN-BUILDER
099999123453,26/06/2026,SUPER CLEARING HOUSE Amara Engineer PAY-20260626-EMP-AMARA-ENGINEER,207.69,,442698.54,SUPER,SUPER-PAY-20260626-EMP-AMARA-ENGINEER
099999123453,26/06/2026,PAYROLL NET WAGE Nina Sales Representative PAY-20260626-EMP-NINA-SALES,906.90,,442906.23,PAYROLL,PAYNET-PAY-20260626-EMP-NINA-SALES
099999123453,26/06/2026,PAYROLL NET WAGE Grace High Income QA PAY-20260626-EMP-GRACE-HIG,2470.54,,443813.13,PAYROLL,PAYNET-PAY-20260626-EMP-GRACE-HIG
099999123453,26/06/2026,PAYROLL NET WAGE Ben Builder PAY-20260626-EMP-BEN-BUILDER,974.10,,446283.67,PAYROLL,PAYNET-PAY-20260626-EMP-BEN-BUILDER
099999123453,26/06/2026,PAYROLL NET WAGE Amara Engineer PAY-20260626-EMP-AMARA-ENGINEER,1353.77,,447257.77,PAYROLL,PAYNET-PAY-20260626-EMP-AMARA-ENGINEER
099999123453,26/06/2026,PAYG WITHHOLDING REMITTANCE ATO Nina Sales Representative PAY-20260626-EMP-NINA-SALES,165.00,,448611.54,PAYROLL_TAX,PAYG-PAY-20260626-EMP-NINA-SALES
099999123453,26/06/2026,PAYG WITHHOLDING REMITTANCE ATO Grace High Income QA PAY-20260626-EMP-GRACE-HIG,991.00,,448776.54,PAYROLL_TAX,PAYG-PAY-20260626-EMP-GRACE-HIG
099999123453,26/06/2026,PAYG WITHHOLDING REMITTANCE ATO Ben Builder PAY-20260626-EMP-BEN-BUILDER,198.00,,449767.54,PAYROLL_TAX,PAYG-PAY-20260626-EMP-BEN-BUILDER
099999123453,26/06/2026,PAYG WITHHOLDING REMITTANCE ATO Amara Engineer PAY-20260626-EMP-AMARA-ENGINEER,377.00,,449965.54,PAYROLL_TAX,PAYG-PAY-20260626-EMP-AMARA-ENGINEER
099999123453,25/06/2026,WITHDRAWAL-OSKO PAYMENT Liam Surveying Contractors Pty Ltd CONTRACT-202606,3520.00,,450342.54,PAYMENT,BTP-000047
099999123453,22/06/2026,WITHDRAWAL-OSKO PAYMENT Cloud Software Vendors SOFT-202606,1595.00,,453862.54,PAYMENT,BTP-000046
099999123453,19/06/2026,SUPER CLEARING HOUSE Nina Sales Representative PAY-20260619-EMP-NINA-SALES,128.63,,455457.54,SUPER,SUPER-PAY-20260619-EMP-NINA-SALES
099999123453,19/06/2026,SUPER CLEARING HOUSE Grace High Income QA PAY-20260619-EMP-GRACE-HIG,415.38,,455586.17,SUPER,SUPER-PAY-20260619-EMP-GRACE-HIG
099999123453,19/06/2026,SUPER CLEARING HOUSE Ben Builder PAY-20260619-EMP-BEN-BUILDER,140.65,,456001.55,SUPER,SUPER-PAY-20260619-EMP-BEN-BUILDER
099999123453,19/06/2026,SUPER CLEARING HOUSE Amara Engineer PAY-20260619-EMP-AMARA-ENGINEER,207.69,,456142.20,SUPER,SUPER-PAY-20260619-EMP-AMARA-ENGINEER
099999123453,19/06/2026,PAYROLL NET WAGE Nina Sales Representative PAY-20260619-EMP-NINA-SALES,906.90,,456349.89,PAYROLL,PAYNET-PAY-20260619-EMP-NINA-SALES
099999123453,19/06/2026,PAYROLL NET WAGE Grace High Income QA PAY-20260619-EMP-GRACE-HIG,2470.54,,457256.79,PAYROLL,PAYNET-PAY-20260619-EMP-GRACE-HIG
099999123453,19/06/2026,PAYROLL NET WAGE Ben Builder PAY-20260619-EMP-BEN-BUILDER,974.10,,459727.33,PAYROLL,PAYNET-PAY-20260619-EMP-BEN-BUILDER
099999123453,19/06/2026,PAYROLL NET WAGE Amara Engineer PAY-20260619-EMP-AMARA-ENGINEER,1353.77,,460701.43,PAYROLL,PAYNET-PAY-20260619-EMP-AMARA-ENGINEER
099999123453,19/06/2026,PAYG WITHHOLDING REMITTANCE ATO Nina Sales Representative PAY-20260619-EMP-NINA-SALES,165.00,,462055.20,PAYROLL_TAX,PAYG-PAY-20260619-EMP-NINA-SALES
099999123453,19/06/2026,PAYG WITHHOLDING REMITTANCE ATO Grace High Income QA PAY-20260619-EMP-GRACE-HIG,991.00,,462220.20,PAYROLL_TAX,PAYG-PAY-20260619-EMP-GRACE-HIG
099999123453,19/06/2026,PAYG WITHHOLDING REMITTANCE ATO Ben Builder PAY-20260619-EMP-BEN-BUILDER,198.00,,463211.20,PAYROLL_TAX,PAYG-PAY-20260619-EMP-BEN-BUILDER
099999123453,19/06/2026,PAYG WITHHOLDING REMITTANCE ATO Amara Engineer PAY-20260619-EMP-AMARA-ENGINEER,377.00,,463409.20,PAYROLL_TAX,PAYG-PAY-20260619-EMP-AMARA-ENGINEER
099999123453,18/06/2026,DEPOSIT OSKO PAYMENT Project Client A INV-012,,86900.00,463786.20,DEP,BTR-000012
099999123453,16/06/2026,WITHDRAWAL-OSKO PAYMENT Harbour Property Trust RENT-202606,10120.00,,376886.20,PAYMENT,BTP-000045
099999123453,12/06/2026,SUPER CLEARING HOUSE Nina Sales Representative PAY-20260612-EMP-NINA-SALES,128.63,,387006.20,SUPER,SUPER-PAY-20260612-EMP-NINA-SALES
099999123453,12/06/2026,SUPER CLEARING HOUSE Grace High Income QA PAY-20260612-EMP-GRACE-HIG,415.38,,387134.83,SUPER,SUPER-PAY-20260612-EMP-GRACE-HIG
099999123453,12/06/2026,SUPER CLEARING HOUSE Ben Builder PAY-20260612-EMP-BEN-BUILDER,142.93,,387550.21,SUPER,SUPER-PAY-20260612-EMP-BEN-BUILDER
099999123453,12/06/2026,SUPER CLEARING HOUSE Amara Engineer PAY-20260612-EMP-AMARA-ENGINEER,207.69,,387693.14,SUPER,SUPER-PAY-20260612-EMP-AMARA-ENGINEER
099999123453,12/06/2026,PAYROLL NET WAGE Nina Sales Representative PAY-20260612-EMP-NINA-SALES,906.90,,387900.83,PAYROLL,PAYNET-PAY-20260612-EMP-NINA-SALES
099999123453,12/06/2026,PAYROLL NET WAGE Grace High Income QA PAY-20260612-EMP-GRACE-HIG,2470.54,,388807.73,PAYROLL,PAYNET-PAY-20260612-EMP-GRACE-HIG
099999123453,12/06/2026,PAYROLL NET WAGE Ben Builder PAY-20260612-EMP-BEN-BUILDER,987.10,,391278.27,PAYROLL,PAYNET-PAY-20260612-EMP-BEN-BUILDER
099999123453,12/06/2026,PAYROLL NET WAGE Amara Engineer PAY-20260612-EMP-AMARA-ENGINEER,1353.77,,392265.37,PAYROLL,PAYNET-PAY-20260612-EMP-AMARA-ENGINEER
099999123453,12/06/2026,PAYG WITHHOLDING REMITTANCE ATO Nina Sales Representative PAY-20260612-EMP-NINA-SALES,165.00,,393619.14,PAYROLL_TAX,PAYG-PAY-20260612-EMP-NINA-SALES
099999123453,12/06/2026,PAYG WITHHOLDING REMITTANCE ATO Grace High Income QA PAY-20260612-EMP-GRACE-HIG,991.00,,393784.14,PAYROLL_TAX,PAYG-PAY-20260612-EMP-GRACE-HIG
099999123453,12/06/2026,PAYG WITHHOLDING REMITTANCE ATO Ben Builder PAY-20260612-EMP-BEN-BUILDER,204.00,,394775.14,PAYROLL_TAX,PAYG-PAY-20260612-EMP-BEN-BUILDER
099999123453,12/06/2026,PAYG WITHHOLDING REMITTANCE ATO Amara Engineer PAY-20260612-EMP-AMARA-ENGINEER,377.00,,394979.14,PAYROLL_TAX,PAYG-PAY-20260612-EMP-AMARA-ENGINEER
099999123453,05/06/2026,SUPER CLEARING HOUSE Nina Sales Representative PAY-20260605-EMP-NINA-SALES,272.63,,395356.14,SUPER,SUPER-PAY-20260605-EMP-NINA-SALES
099999123453,05/06/2026,SUPER CLEARING HOUSE Grace High Income QA PAY-20260605-EMP-GRACE-HIG,415.38,,395628.77,SUPER,SUPER-PAY-20260605-EMP-GRACE-HIG
099999123453,05/06/2026,SUPER CLEARING HOUSE Ben Builder PAY-20260605-EMP-BEN-BUILDER,140.65,,396044.15,SUPER,SUPER-PAY-20260605-EMP-BEN-BUILDER
099999123453,05/06/2026,SUPER CLEARING HOUSE Amara Engineer PAY-20260605-EMP-AMARA-ENGINEER,207.69,,396184.80,SUPER,SUPER-PAY-20260605-EMP-AMARA-ENGINEER
099999123453,05/06/2026,PAYROLL NET WAGE Nina Sales Representative PAY-20260605-EMP-NINA-SALES,1721.90,,396392.49,PAYROLL,PAYNET-PAY-20260605-EMP-NINA-SALES
099999123453,05/06/2026,PAYROLL NET WAGE Grace High Income QA PAY-20260605-EMP-GRACE-HIG,2470.54,,398114.39,PAYROLL,PAYNET-PAY-20260605-EMP-GRACE-HIG
099999123453,05/06/2026,PAYROLL NET WAGE Ben Builder PAY-20260605-EMP-BEN-BUILDER,974.10,,400584.93,PAYROLL,PAYNET-PAY-20260605-EMP-BEN-BUILDER
099999123453,05/06/2026,PAYROLL NET WAGE Amara Engineer PAY-20260605-EMP-AMARA-ENGINEER,1353.77,,401559.03,PAYROLL,PAYNET-PAY-20260605-EMP-AMARA-ENGINEER
099999123453,05/06/2026,PAYG WITHHOLDING REMITTANCE ATO Nina Sales Representative PAY-20260605-EMP-NINA-SALES,550.00,,402912.80,PAYROLL_TAX,PAYG-PAY-20260605-EMP-NINA-SALES
099999123453,05/06/2026,PAYG WITHHOLDING REMITTANCE ATO Grace High Income QA PAY-20260605-EMP-GRACE-HIG,991.00,,403462.80,PAYROLL_TAX,PAYG-PAY-20260605-EMP-GRACE-HIG
099999123453,05/06/2026,PAYG WITHHOLDING REMITTANCE ATO Ben Builder PAY-20260605-EMP-BEN-BUILDER,198.00,,404453.80,PAYROLL_TAX,PAYG-PAY-20260605-EMP-BEN-BUILDER
099999123453,05/06/2026,PAYG WITHHOLDING REMITTANCE ATO Amara Engineer PAY-20260605-EMP-AMARA-ENGINEER,377.00,,404651.80,PAYROLL_TAX,PAYG-PAY-20260605-EMP-AMARA-ENGINEER
099999123453,03/06/2026,WITHDRAWAL-OSKO PAYMENT Bank BANKFEE-202605,35.00,,405028.80,PAYMENT,BTP-000044
099999123453,29/05/2026,SUPER CLEARING HOUSE Nina Sales Representative PAY-20260529-EMP-NINA-SALES,128.63,,405063.80,SUPER,SUPER-PAY-20260529-EMP-NINA-SALES
099999123453,29/05/2026,SUPER CLEARING HOUSE Grace High Income QA PAY-20260529-EMP-GRACE-HIG,415.38,,405192.43,SUPER,SUPER-PAY-20260529-EMP-GRACE-HIG
099999123453,29/05/2026,SUPER CLEARING HOUSE Ben Builder PAY-20260529-EMP-BEN-BUILDER,140.65,,405607.81,SUPER,SUPER-PAY-20260529-EMP-BEN-BUILDER
099999123453,29/05/2026,SUPER CLEARING HOUSE Amara Engineer PAY-20260529-EMP-AMARA-ENGINEER,207.69,,405748.46,SUPER,SUPER-PAY-20260529-EMP-AMARA-ENGINEER
099999123453,29/05/2026,PAYROLL NET WAGE Nina Sales Representative PAY-20260529-EMP-NINA-SALES,906.90,,405956.15,PAYROLL,PAYNET-PAY-20260529-EMP-NINA-SALES
099999123453,29/05/2026,PAYROLL NET WAGE Grace High Income QA PAY-20260529-EMP-GRACE-HIG,2470.54,,406863.05,PAYROLL,PAYNET-PAY-20260529-EMP-GRACE-HIG
099999123453,29/05/2026,PAYROLL NET WAGE Ben Builder PAY-20260529-EMP-BEN-BUILDER,974.10,,409333.59,PAYROLL,PAYNET-PAY-20260529-EMP-BEN-BUILDER
099999123453,29/05/2026,PAYROLL NET WAGE Amara Engineer PAY-20260529-EMP-AMARA-ENGINEER,1353.77,,410307.69,PAYROLL,PAYNET-PAY-20260529-EMP-AMARA-ENGINEER
099999123453,29/05/2026,PAYG WITHHOLDING REMITTANCE ATO Nina Sales Representative PAY-20260529-EMP-NINA-SALES,165.00,,411661.46,PAYROLL_TAX,PAYG-PAY-20260529-EMP-NINA-SALES
099999123453,29/05/2026,PAYG WITHHOLDING REMITTANCE ATO Grace High Income QA PAY-20260529-EMP-GRACE-HIG,991.00,,411826.46,PAYROLL_TAX,PAYG-PAY-20260529-EMP-GRACE-HIG
099999123453,29/05/2026,PAYG WITHHOLDING REMITTANCE ATO Ben Builder PAY-20260529-EMP-BEN-BUILDER,198.00,,412817.46,PAYROLL_TAX,PAYG-PAY-20260529-EMP-BEN-BUILDER
099999123453,29/05/2026,PAYG WITHHOLDING REMITTANCE ATO Amara Engineer PAY-20260529-EMP-AMARA-ENGINEER,377.00,,413015.46,PAYROLL_TAX,PAYG-PAY-20260529-EMP-AMARA-ENGINEER
099999123453,25/05/2026,WITHDRAWAL-OSKO PAYMENT Liam Surveying Contractors Pty Ltd CONTRACT-202605,3520.00,,413392.46,PAYMENT,BTP-000043
099999123453,22/05/2026,SUPER CLEARING HOUSE Nina Sales Representative PAY-20260522-EMP-NINA-SALES,128.63,,416912.46,SUPER,SUPER-PAY-20260522-EMP-NINA-SALES
099999123453,22/05/2026,SUPER CLEARING HOUSE Grace High Income QA PAY-20260522-EMP-GRACE-HIG,415.38,,417041.09,SUPER,SUPER-PAY-20260522-EMP-GRACE-HIG
099999123453,22/05/2026,SUPER CLEARING HOUSE Ben Builder PAY-20260522-EMP-BEN-BUILDER,140.65,,417456.47,SUPER,SUPER-PAY-20260522-EMP-BEN-BUILDER
099999123453,22/05/2026,SUPER CLEARING HOUSE Amara Engineer PAY-20260522-EMP-AMARA-ENGINEER,207.69,,417597.12,SUPER,SUPER-PAY-20260522-EMP-AMARA-ENGINEER
099999123453,22/05/2026,PAYROLL NET WAGE Nina Sales Representative PAY-20260522-EMP-NINA-SALES,906.90,,417804.81,PAYROLL,PAYNET-PAY-20260522-EMP-NINA-SALES
099999123453,22/05/2026,PAYROLL NET WAGE Grace High Income QA PAY-20260522-EMP-GRACE-HIG,2470.54,,418711.71,PAYROLL,PAYNET-PAY-20260522-EMP-GRACE-HIG
099999123453,22/05/2026,PAYROLL NET WAGE Ben Builder PAY-20260522-EMP-BEN-BUILDER,974.10,,421182.25,PAYROLL,PAYNET-PAY-20260522-EMP-BEN-BUILDER
099999123453,22/05/2026,PAYROLL NET WAGE Amara Engineer PAY-20260522-EMP-AMARA-ENGINEER,1353.77,,422156.35,PAYROLL,PAYNET-PAY-20260522-EMP-AMARA-ENGINEER
099999123453,22/05/2026,PAYG WITHHOLDING REMITTANCE ATO Nina Sales Representative PAY-20260522-EMP-NINA-SALES,165.00,,423510.12,PAYROLL_TAX,PAYG-PAY-20260522-EMP-NINA-SALES
099999123453,22/05/2026,PAYG WITHHOLDING REMITTANCE ATO Grace High Income QA PAY-20260522-EMP-GRACE-HIG,991.00,,423675.12,PAYROLL_TAX,PAYG-PAY-20260522-EMP-GRACE-HIG
099999123453,22/05/2026,PAYG WITHHOLDING REMITTANCE ATO Ben Builder PAY-20260522-EMP-BEN-BUILDER,198.00,,424666.12,PAYROLL_TAX,PAYG-PAY-20260522-EMP-BEN-BUILDER
099999123453,22/05/2026,PAYG WITHHOLDING REMITTANCE ATO Amara Engineer PAY-20260522-EMP-AMARA-ENGINEER,377.00,,424864.12,PAYROLL_TAX,PAYG-PAY-20260522-EMP-AMARA-ENGINEER
099999123453,22/05/2026,WITHDRAWAL-OSKO PAYMENT Cloud Software Vendors SOFT-202605,1595.00,,425241.12,PAYMENT,BTP-000042
099999123453,18/05/2026,DEPOSIT OSKO PAYMENT Project Client C INV-011,,86625.00,426836.12,DEP,BTR-000011
099999123453,16/05/2026,WITHDRAWAL-OSKO PAYMENT Harbour Property Trust RENT-202605,10120.00,,340211.12,PAYMENT,BTP-000041
099999123453,15/05/2026,SUPER CLEARING HOUSE Nina Sales Representative PAY-20260515-EMP-NINA-SALES,128.63,,350331.12,SUPER,SUPER-PAY-20260515-EMP-NINA-SALES
099999123453,15/05/2026,SUPER CLEARING HOUSE Grace High Income QA PAY-20260515-EMP-GRACE-HIG,415.38,,350459.75,SUPER,SUPER-PAY-20260515-EMP-GRACE-HIG
099999123453,15/05/2026,SUPER CLEARING HOUSE Ben Builder PAY-20260515-EMP-BEN-BUILDER,140.65,,350875.13,SUPER,SUPER-PAY-20260515-EMP-BEN-BUILDER
099999123453,15/05/2026,SUPER CLEARING HOUSE Amara Engineer PAY-20260515-EMP-AMARA-ENGINEER,207.69,,351015.78,SUPER,SUPER-PAY-20260515-EMP-AMARA-ENGINEER
099999123453,15/05/2026,PAYROLL NET WAGE Nina Sales Representative PAY-20260515-EMP-NINA-SALES,906.90,,351223.47,PAYROLL,PAYNET-PAY-20260515-EMP-NINA-SALES
099999123453,15/05/2026,PAYROLL NET WAGE Grace High Income QA PAY-20260515-EMP-GRACE-HIG,2470.54,,352130.37,PAYROLL,PAYNET-PAY-20260515-EMP-GRACE-HIG
099999123453,15/05/2026,PAYROLL NET WAGE Ben Builder PAY-20260515-EMP-BEN-BUILDER,974.10,,354600.91,PAYROLL,PAYNET-PAY-20260515-EMP-BEN-BUILDER
099999123453,15/05/2026,PAYROLL NET WAGE Amara Engineer PAY-20260515-EMP-AMARA-ENGINEER,1353.77,,355575.01,PAYROLL,PAYNET-PAY-20260515-EMP-AMARA-ENGINEER
099999123453,15/05/2026,PAYG WITHHOLDING REMITTANCE ATO Nina Sales Representative PAY-20260515-EMP-NINA-SALES,165.00,,356928.78,PAYROLL_TAX,PAYG-PAY-20260515-EMP-NINA-SALES
099999123453,15/05/2026,PAYG WITHHOLDING REMITTANCE ATO Grace High Income QA PAY-20260515-EMP-GRACE-HIG,991.00,,357093.78,PAYROLL_TAX,PAYG-PAY-20260515-EMP-GRACE-HIG
099999123453,15/05/2026,PAYG WITHHOLDING REMITTANCE ATO Ben Builder PAY-20260515-EMP-BEN-BUILDER,198.00,,358084.78,PAYROLL_TAX,PAYG-PAY-20260515-EMP-BEN-BUILDER
099999123453,15/05/2026,PAYG WITHHOLDING REMITTANCE ATO Amara Engineer PAY-20260515-EMP-AMARA-ENGINEER,377.00,,358282.78,PAYROLL_TAX,PAYG-PAY-20260515-EMP-AMARA-ENGINEER
099999123453,08/05/2026,SUPER CLEARING HOUSE Nina Sales Representative PAY-20260508-EMP-NINA-SALES,128.63,,358659.78,SUPER,SUPER-PAY-20260508-EMP-NINA-SALES
099999123453,08/05/2026,SUPER CLEARING HOUSE Grace High Income QA PAY-20260508-EMP-GRACE-HIG,415.38,,358788.41,SUPER,SUPER-PAY-20260508-EMP-GRACE-HIG
099999123453,08/05/2026,SUPER CLEARING HOUSE Ben Builder PAY-20260508-EMP-BEN-BUILDER,142.93,,359203.79,SUPER,SUPER-PAY-20260508-EMP-BEN-BUILDER
099999123453,08/05/2026,SUPER CLEARING HOUSE Amara Engineer PAY-20260508-EMP-AMARA-ENGINEER,207.69,,359346.72,SUPER,SUPER-PAY-20260508-EMP-AMARA-ENGINEER
099999123453,08/05/2026,PAYROLL NET WAGE Nina Sales Representative PAY-20260508-EMP-NINA-SALES,906.90,,359554.41,PAYROLL,PAYNET-PAY-20260508-EMP-NINA-SALES
099999123453,08/05/2026,PAYROLL NET WAGE Grace High Income QA PAY-20260508-EMP-GRACE-HIG,2470.54,,360461.31,PAYROLL,PAYNET-PAY-20260508-EMP-GRACE-HIG
099999123453,08/05/2026,PAYROLL NET WAGE Ben Builder PAY-20260508-EMP-BEN-BUILDER,987.10,,362931.85,PAYROLL,PAYNET-PAY-20260508-EMP-BEN-BUILDER
099999123453,08/05/2026,PAYROLL NET WAGE Amara Engineer PAY-20260508-EMP-AMARA-ENGINEER,1353.77,,363918.95,PAYROLL,PAYNET-PAY-20260508-EMP-AMARA-ENGINEER
099999123453,08/05/2026,PAYG WITHHOLDING REMITTANCE ATO Nina Sales Representative PAY-20260508-EMP-NINA-SALES,165.00,,365272.72,PAYROLL_TAX,PAYG-PAY-20260508-EMP-NINA-SALES
099999123453,08/05/2026,PAYG WITHHOLDING REMITTANCE ATO Grace High Income QA PAY-20260508-EMP-GRACE-HIG,991.00,,365437.72,PAYROLL_TAX,PAYG-PAY-20260508-EMP-GRACE-HIG
099999123453,08/05/2026,PAYG WITHHOLDING REMITTANCE ATO Ben Builder PAY-20260508-EMP-BEN-BUILDER,204.00,,366428.72,PAYROLL_TAX,PAYG-PAY-20260508-EMP-BEN-BUILDER
099999123453,08/05/2026,PAYG WITHHOLDING REMITTANCE ATO Amara Engineer PAY-20260508-EMP-AMARA-ENGINEER,377.00,,366632.72,PAYROLL_TAX,PAYG-PAY-20260508-EMP-AMARA-ENGINEER
099999123453,04/05/2026,WITHDRAWAL-OSKO PAYMENT Bank BANKFEE-202604,35.00,,367009.72,PAYMENT,BTP-000040
099999123453,01/05/2026,SUPER CLEARING HOUSE Nina Sales Representative PAY-20260501-EMP-NINA-SALES,272.63,,367044.72,SUPER,SUPER-PAY-20260501-EMP-NINA-SALES
099999123453,01/05/2026,SUPER CLEARING HOUSE Grace High Income QA PAY-20260501-EMP-GRACE-HIG,415.38,,367317.35,SUPER,SUPER-PAY-20260501-EMP-GRACE-HIG
099999123453,01/05/2026,SUPER CLEARING HOUSE Ben Builder PAY-20260501-EMP-BEN-BUILDER,140.65,,367732.73,SUPER,SUPER-PAY-20260501-EMP-BEN-BUILDER
099999123453,01/05/2026,SUPER CLEARING HOUSE Amara Engineer PAY-20260501-EMP-AMARA-ENGINEER,207.69,,367873.38,SUPER,SUPER-PAY-20260501-EMP-AMARA-ENGINEER
099999123453,01/05/2026,PAYROLL NET WAGE Nina Sales Representative PAY-20260501-EMP-NINA-SALES,1721.90,,368081.07,PAYROLL,PAYNET-PAY-20260501-EMP-NINA-SALES
099999123453,01/05/2026,PAYROLL NET WAGE Grace High Income QA PAY-20260501-EMP-GRACE-HIG,2470.54,,369802.97,PAYROLL,PAYNET-PAY-20260501-EMP-GRACE-HIG
099999123453,01/05/2026,PAYROLL NET WAGE Ben Builder PAY-20260501-EMP-BEN-BUILDER,974.10,,372273.51,PAYROLL,PAYNET-PAY-20260501-EMP-BEN-BUILDER
099999123453,01/05/2026,PAYROLL NET WAGE Amara Engineer PAY-20260501-EMP-AMARA-ENGINEER,1353.77,,373247.61,PAYROLL,PAYNET-PAY-20260501-EMP-AMARA-ENGINEER
099999123453,01/05/2026,PAYG WITHHOLDING REMITTANCE ATO Nina Sales Representative PAY-20260501-EMP-NINA-SALES,550.00,,374601.38,PAYROLL_TAX,PAYG-PAY-20260501-EMP-NINA-SALES
099999123453,01/05/2026,PAYG WITHHOLDING REMITTANCE ATO Grace High Income QA PAY-20260501-EMP-GRACE-HIG,991.00,,375151.38,PAYROLL_TAX,PAYG-PAY-20260501-EMP-GRACE-HIG
099999123453,01/05/2026,PAYG WITHHOLDING REMITTANCE ATO Ben Builder PAY-20260501-EMP-BEN-BUILDER,198.00,,376142.38,PAYROLL_TAX,PAYG-PAY-20260501-EMP-BEN-BUILDER
099999123453,01/05/2026,PAYG WITHHOLDING REMITTANCE ATO Amara Engineer PAY-20260501-EMP-AMARA-ENGINEER,377.00,,376340.38,PAYROLL_TAX,PAYG-PAY-20260501-EMP-AMARA-ENGINEER
099999123453,25/04/2026,WITHDRAWAL-OSKO PAYMENT Liam Surveying Contractors Pty Ltd CONTRACT-202604,3520.00,,376717.38,PAYMENT,BTP-000039
099999123453,24/04/2026,SUPER CLEARING HOUSE Nina Sales Representative PAY-20260424-EMP-NINA-SALES,128.63,,380237.38,SUPER,SUPER-PAY-20260424-EMP-NINA-SALES
099999123453,24/04/2026,SUPER CLEARING HOUSE Grace High Income QA PAY-20260424-EMP-GRACE-HIG,415.38,,380366.01,SUPER,SUPER-PAY-20260424-EMP-GRACE-HIG
099999123453,24/04/2026,SUPER CLEARING HOUSE Ben Builder PAY-20260424-EMP-BEN-BUILDER,140.65,,380781.39,SUPER,SUPER-PAY-20260424-EMP-BEN-BUILDER
099999123453,24/04/2026,SUPER CLEARING HOUSE Amara Engineer PAY-20260424-EMP-AMARA-ENGINEER,207.69,,380922.04,SUPER,SUPER-PAY-20260424-EMP-AMARA-ENGINEER
099999123453,24/04/2026,PAYROLL NET WAGE Nina Sales Representative PAY-20260424-EMP-NINA-SALES,906.90,,381129.73,PAYROLL,PAYNET-PAY-20260424-EMP-NINA-SALES
099999123453,24/04/2026,PAYROLL NET WAGE Grace High Income QA PAY-20260424-EMP-GRACE-HIG,2470.54,,382036.63,PAYROLL,PAYNET-PAY-20260424-EMP-GRACE-HIG
099999123453,24/04/2026,PAYROLL NET WAGE Ben Builder PAY-20260424-EMP-BEN-BUILDER,974.10,,384507.17,PAYROLL,PAYNET-PAY-20260424-EMP-BEN-BUILDER
099999123453,24/04/2026,PAYROLL NET WAGE Amara Engineer PAY-20260424-EMP-AMARA-ENGINEER,1353.77,,385481.27,PAYROLL,PAYNET-PAY-20260424-EMP-AMARA-ENGINEER
099999123453,24/04/2026,PAYG WITHHOLDING REMITTANCE ATO Nina Sales Representative PAY-20260424-EMP-NINA-SALES,165.00,,386835.04,PAYROLL_TAX,PAYG-PAY-20260424-EMP-NINA-SALES
099999123453,24/04/2026,PAYG WITHHOLDING REMITTANCE ATO Grace High Income QA PAY-20260424-EMP-GRACE-HIG,991.00,,387000.04,PAYROLL_TAX,PAYG-PAY-20260424-EMP-GRACE-HIG
099999123453,24/04/2026,PAYG WITHHOLDING REMITTANCE ATO Ben Builder PAY-20260424-EMP-BEN-BUILDER,198.00,,387991.04,PAYROLL_TAX,PAYG-PAY-20260424-EMP-BEN-BUILDER
099999123453,24/04/2026,PAYG WITHHOLDING REMITTANCE ATO Amara Engineer PAY-20260424-EMP-AMARA-ENGINEER,377.00,,388189.04,PAYROLL_TAX,PAYG-PAY-20260424-EMP-AMARA-ENGINEER
099999123453,22/04/2026,WITHDRAWAL-OSKO PAYMENT Cloud Software Vendors SOFT-202604,1595.00,,388566.04,PAYMENT,BTP-000038
099999123453,18/04/2026,DEPOSIT OSKO PAYMENT Project Client B INV-010,,86350.00,390161.04,DEP,BTR-000010
099999123453,17/04/2026,SUPER CLEARING HOUSE Nina Sales Representative PAY-20260417-EMP-NINA-SALES,128.63,,303811.04,SUPER,SUPER-PAY-20260417-EMP-NINA-SALES
099999123453,17/04/2026,SUPER CLEARING HOUSE Grace High Income QA PAY-20260417-EMP-GRACE-HIG,415.38,,303939.67,SUPER,SUPER-PAY-20260417-EMP-GRACE-HIG
099999123453,17/04/2026,SUPER CLEARING HOUSE Ben Builder PAY-20260417-EMP-BEN-BUILDER,140.65,,304355.05,SUPER,SUPER-PAY-20260417-EMP-BEN-BUILDER
099999123453,17/04/2026,SUPER CLEARING HOUSE Amara Engineer PAY-20260417-EMP-AMARA-ENGINEER,207.69,,304495.70,SUPER,SUPER-PAY-20260417-EMP-AMARA-ENGINEER
099999123453,17/04/2026,PAYROLL NET WAGE Nina Sales Representative PAY-20260417-EMP-NINA-SALES,906.90,,304703.39,PAYROLL,PAYNET-PAY-20260417-EMP-NINA-SALES
099999123453,17/04/2026,PAYROLL NET WAGE Grace High Income QA PAY-20260417-EMP-GRACE-HIG,2470.54,,305610.29,PAYROLL,PAYNET-PAY-20260417-EMP-GRACE-HIG
099999123453,17/04/2026,PAYROLL NET WAGE Ben Builder PAY-20260417-EMP-BEN-BUILDER,974.10,,308080.83,PAYROLL,PAYNET-PAY-20260417-EMP-BEN-BUILDER
099999123453,17/04/2026,PAYROLL NET WAGE Amara Engineer PAY-20260417-EMP-AMARA-ENGINEER,1353.77,,309054.93,PAYROLL,PAYNET-PAY-20260417-EMP-AMARA-ENGINEER
099999123453,17/04/2026,PAYG WITHHOLDING REMITTANCE ATO Nina Sales Representative PAY-20260417-EMP-NINA-SALES,165.00,,310408.70,PAYROLL_TAX,PAYG-PAY-20260417-EMP-NINA-SALES
099999123453,17/04/2026,PAYG WITHHOLDING REMITTANCE ATO Grace High Income QA PAY-20260417-EMP-GRACE-HIG,991.00,,310573.70,PAYROLL_TAX,PAYG-PAY-20260417-EMP-GRACE-HIG
099999123453,17/04/2026,PAYG WITHHOLDING REMITTANCE ATO Ben Builder PAY-20260417-EMP-BEN-BUILDER,198.00,,311564.70,PAYROLL_TAX,PAYG-PAY-20260417-EMP-BEN-BUILDER
099999123453,17/04/2026,PAYG WITHHOLDING REMITTANCE ATO Amara Engineer PAY-20260417-EMP-AMARA-ENGINEER,377.00,,311762.70,PAYROLL_TAX,PAYG-PAY-20260417-EMP-AMARA-ENGINEER
099999123453,16/04/2026,WITHDRAWAL-OSKO PAYMENT Harbour Property Trust RENT-202604,10120.00,,312139.70,PAYMENT,BTP-000037
099999123453,10/04/2026,SUPER CLEARING HOUSE Nina Sales Representative PAY-20260410-EMP-NINA-SALES,128.63,,322259.70,SUPER,SUPER-PAY-20260410-EMP-NINA-SALES
099999123453,10/04/2026,SUPER CLEARING HOUSE Grace High Income QA PAY-20260410-EMP-GRACE-HIG,415.38,,322388.33,SUPER,SUPER-PAY-20260410-EMP-GRACE-HIG
099999123453,10/04/2026,SUPER CLEARING HOUSE Ben Builder PAY-20260410-EMP-BEN-BUILDER,140.65,,322803.71,SUPER,SUPER-PAY-20260410-EMP-BEN-BUILDER
099999123453,10/04/2026,SUPER CLEARING HOUSE Amara Engineer PAY-20260410-EMP-AMARA-ENGINEER,207.69,,322944.36,SUPER,SUPER-PAY-20260410-EMP-AMARA-ENGINEER
099999123453,10/04/2026,PAYROLL NET WAGE Nina Sales Representative PAY-20260410-EMP-NINA-SALES,906.90,,323152.05,PAYROLL,PAYNET-PAY-20260410-EMP-NINA-SALES
099999123453,10/04/2026,PAYROLL NET WAGE Grace High Income QA PAY-20260410-EMP-GRACE-HIG,2470.54,,324058.95,PAYROLL,PAYNET-PAY-20260410-EMP-GRACE-HIG
099999123453,10/04/2026,PAYROLL NET WAGE Ben Builder PAY-20260410-EMP-BEN-BUILDER,974.10,,326529.49,PAYROLL,PAYNET-PAY-20260410-EMP-BEN-BUILDER
099999123453,10/04/2026,PAYROLL NET WAGE Amara Engineer PAY-20260410-EMP-AMARA-ENGINEER,1353.77,,327503.59,PAYROLL,PAYNET-PAY-20260410-EMP-AMARA-ENGINEER
099999123453,10/04/2026,PAYG WITHHOLDING REMITTANCE ATO Nina Sales Representative PAY-20260410-EMP-NINA-SALES,165.00,,328857.36,PAYROLL_TAX,PAYG-PAY-20260410-EMP-NINA-SALES
099999123453,10/04/2026,PAYG WITHHOLDING REMITTANCE ATO Grace High Income QA PAY-20260410-EMP-GRACE-HIG,991.00,,329022.36,PAYROLL_TAX,PAYG-PAY-20260410-EMP-GRACE-HIG
099999123453,10/04/2026,PAYG WITHHOLDING REMITTANCE ATO Ben Builder PAY-20260410-EMP-BEN-BUILDER,198.00,,330013.36,PAYROLL_TAX,PAYG-PAY-20260410-EMP-BEN-BUILDER
099999123453,10/04/2026,PAYG WITHHOLDING REMITTANCE ATO Amara Engineer PAY-20260410-EMP-AMARA-ENGINEER,377.00,,330211.36,PAYROLL_TAX,PAYG-PAY-20260410-EMP-AMARA-ENGINEER
099999123453,03/04/2026,SUPER CLEARING HOUSE Nina Sales Representative PAY-20260403-EMP-NINA-SALES,272.63,,330588.36,SUPER,SUPER-PAY-20260403-EMP-NINA-SALES
099999123453,03/04/2026,SUPER CLEARING HOUSE Grace High Income QA PAY-20260403-EMP-GRACE-HIG,415.38,,330860.99,SUPER,SUPER-PAY-20260403-EMP-GRACE-HIG
099999123453,03/04/2026,SUPER CLEARING HOUSE Ben Builder PAY-20260403-EMP-BEN-BUILDER,142.93,,331276.37,SUPER,SUPER-PAY-20260403-EMP-BEN-BUILDER
099999123453,03/04/2026,SUPER CLEARING HOUSE Amara Engineer PAY-20260403-EMP-AMARA-ENGINEER,207.69,,331419.30,SUPER,SUPER-PAY-20260403-EMP-AMARA-ENGINEER
099999123453,03/04/2026,PAYROLL NET WAGE Nina Sales Representative PAY-20260403-EMP-NINA-SALES,1721.90,,331626.99,PAYROLL,PAYNET-PAY-20260403-EMP-NINA-SALES
099999123453,03/04/2026,PAYROLL NET WAGE Grace High Income QA PAY-20260403-EMP-GRACE-HIG,2470.54,,333348.89,PAYROLL,PAYNET-PAY-20260403-EMP-GRACE-HIG
099999123453,03/04/2026,PAYROLL NET WAGE Ben Builder PAY-20260403-EMP-BEN-BUILDER,987.10,,335819.43,PAYROLL,PAYNET-PAY-20260403-EMP-BEN-BUILDER
099999123453,03/04/2026,PAYROLL NET WAGE Amara Engineer PAY-20260403-EMP-AMARA-ENGINEER,1353.77,,336806.53,PAYROLL,PAYNET-PAY-20260403-EMP-AMARA-ENGINEER
099999123453,03/04/2026,PAYG WITHHOLDING REMITTANCE ATO Nina Sales Representative PAY-20260403-EMP-NINA-SALES,550.00,,338160.30,PAYROLL_TAX,PAYG-PAY-20260403-EMP-NINA-SALES
099999123453,03/04/2026,PAYG WITHHOLDING REMITTANCE ATO Grace High Income QA PAY-20260403-EMP-GRACE-HIG,991.00,,338710.30,PAYROLL_TAX,PAYG-PAY-20260403-EMP-GRACE-HIG
099999123453,03/04/2026,PAYG WITHHOLDING REMITTANCE ATO Ben Builder PAY-20260403-EMP-BEN-BUILDER,204.00,,339701.30,PAYROLL_TAX,PAYG-PAY-20260403-EMP-BEN-BUILDER
099999123453,03/04/2026,PAYG WITHHOLDING REMITTANCE ATO Amara Engineer PAY-20260403-EMP-AMARA-ENGINEER,377.00,,339905.30,PAYROLL_TAX,PAYG-PAY-20260403-EMP-AMARA-ENGINEER
099999123453,03/04/2026,WITHDRAWAL-OSKO PAYMENT Bank BANKFEE-202603,35.00,,340282.30,PAYMENT,BTP-000036
099999123453,27/03/2026,SUPER CLEARING HOUSE Nina Sales Representative PAY-20260327-EMP-NINA-SALES,128.63,,340317.30,SUPER,SUPER-PAY-20260327-EMP-NINA-SALES
099999123453,27/03/2026,SUPER CLEARING HOUSE Grace High Income QA PAY-20260327-EMP-GRACE-HIG,415.38,,340445.93,SUPER,SUPER-PAY-20260327-EMP-GRACE-HIG
099999123453,27/03/2026,SUPER CLEARING HOUSE Ben Builder PAY-20260327-EMP-BEN-BUILDER,140.65,,340861.31,SUPER,SUPER-PAY-20260327-EMP-BEN-BUILDER
099999123453,27/03/2026,SUPER CLEARING HOUSE Amara Engineer PAY-20260327-EMP-AMARA-ENGINEER,207.69,,341001.96,SUPER,SUPER-PAY-20260327-EMP-AMARA-ENGINEER
099999123453,27/03/2026,PAYROLL NET WAGE Nina Sales Representative PAY-20260327-EMP-NINA-SALES,906.90,,341209.65,PAYROLL,PAYNET-PAY-20260327-EMP-NINA-SALES
099999123453,27/03/2026,PAYROLL NET WAGE Grace High Income QA PAY-20260327-EMP-GRACE-HIG,2470.54,,342116.55,PAYROLL,PAYNET-PAY-20260327-EMP-GRACE-HIG
099999123453,27/03/2026,PAYROLL NET WAGE Ben Builder PAY-20260327-EMP-BEN-BUILDER,974.10,,344587.09,PAYROLL,PAYNET-PAY-20260327-EMP-BEN-BUILDER
099999123453,27/03/2026,PAYROLL NET WAGE Amara Engineer PAY-20260327-EMP-AMARA-ENGINEER,1353.77,,345561.19,PAYROLL,PAYNET-PAY-20260327-EMP-AMARA-ENGINEER
099999123453,27/03/2026,PAYG WITHHOLDING REMITTANCE ATO Nina Sales Representative PAY-20260327-EMP-NINA-SALES,165.00,,346914.96,PAYROLL_TAX,PAYG-PAY-20260327-EMP-NINA-SALES
099999123453,27/03/2026,PAYG WITHHOLDING REMITTANCE ATO Grace High Income QA PAY-20260327-EMP-GRACE-HIG,991.00,,347079.96,PAYROLL_TAX,PAYG-PAY-20260327-EMP-GRACE-HIG
099999123453,27/03/2026,PAYG WITHHOLDING REMITTANCE ATO Ben Builder PAY-20260327-EMP-BEN-BUILDER,198.00,,348070.96,PAYROLL_TAX,PAYG-PAY-20260327-EMP-BEN-BUILDER
099999123453,27/03/2026,PAYG WITHHOLDING REMITTANCE ATO Amara Engineer PAY-20260327-EMP-AMARA-ENGINEER,377.00,,348268.96,PAYROLL_TAX,PAYG-PAY-20260327-EMP-AMARA-ENGINEER
099999123453,25/03/2026,WITHDRAWAL-OSKO PAYMENT Liam Surveying Contractors Pty Ltd CONTRACT-202603,3520.00,,348645.96,PAYMENT,BTP-000035
099999123453,22/03/2026,WITHDRAWAL-OSKO PAYMENT Cloud Software Vendors SOFT-202603,1595.00,,352165.96,PAYMENT,BTP-000034
099999123453,20/03/2026,SUPER CLEARING HOUSE Nina Sales Representative PAY-20260320-EMP-NINA-SALES,128.63,,353760.96,SUPER,SUPER-PAY-20260320-EMP-NINA-SALES
099999123453,20/03/2026,SUPER CLEARING HOUSE Grace High Income QA PAY-20260320-EMP-GRACE-HIG,415.38,,353889.59,SUPER,SUPER-PAY-20260320-EMP-GRACE-HIG
099999123453,20/03/2026,SUPER CLEARING HOUSE Ben Builder PAY-20260320-EMP-BEN-BUILDER,140.65,,354304.97,SUPER,SUPER-PAY-20260320-EMP-BEN-BUILDER
099999123453,20/03/2026,SUPER CLEARING HOUSE Amara Engineer PAY-20260320-EMP-AMARA-ENGINEER,207.69,,354445.62,SUPER,SUPER-PAY-20260320-EMP-AMARA-ENGINEER
099999123453,20/03/2026,PAYROLL NET WAGE Nina Sales Representative PAY-20260320-EMP-NINA-SALES,906.90,,354653.31,PAYROLL,PAYNET-PAY-20260320-EMP-NINA-SALES
099999123453,20/03/2026,PAYROLL NET WAGE Grace High Income QA PAY-20260320-EMP-GRACE-HIG,2470.54,,355560.21,PAYROLL,PAYNET-PAY-20260320-EMP-GRACE-HIG
099999123453,20/03/2026,PAYROLL NET WAGE Ben Builder PAY-20260320-EMP-BEN-BUILDER,974.10,,358030.75,PAYROLL,PAYNET-PAY-20260320-EMP-BEN-BUILDER
099999123453,20/03/2026,PAYROLL NET WAGE Amara Engineer PAY-20260320-EMP-AMARA-ENGINEER,1353.77,,359004.85,PAYROLL,PAYNET-PAY-20260320-EMP-AMARA-ENGINEER
099999123453,20/03/2026,PAYG WITHHOLDING REMITTANCE ATO Nina Sales Representative PAY-20260320-EMP-NINA-SALES,165.00,,360358.62,PAYROLL_TAX,PAYG-PAY-20260320-EMP-NINA-SALES
099999123453,20/03/2026,PAYG WITHHOLDING REMITTANCE ATO Grace High Income QA PAY-20260320-EMP-GRACE-HIG,991.00,,360523.62,PAYROLL_TAX,PAYG-PAY-20260320-EMP-GRACE-HIG
099999123453,20/03/2026,PAYG WITHHOLDING REMITTANCE ATO Ben Builder PAY-20260320-EMP-BEN-BUILDER,198.00,,361514.62,PAYROLL_TAX,PAYG-PAY-20260320-EMP-BEN-BUILDER
099999123453,20/03/2026,PAYG WITHHOLDING REMITTANCE ATO Amara Engineer PAY-20260320-EMP-AMARA-ENGINEER,377.00,,361712.62,PAYROLL_TAX,PAYG-PAY-20260320-EMP-AMARA-ENGINEER
099999123453,18/03/2026,DEPOSIT OSKO PAYMENT Project Client A INV-009,,86075.00,362089.62,DEP,BTR-000009
099999123453,16/03/2026,WITHDRAWAL-OSKO PAYMENT Harbour Property Trust RENT-202603,10120.00,,276014.62,PAYMENT,BTP-000033
099999123453,13/03/2026,SUPER CLEARING HOUSE Nina Sales Representative PAY-20260313-EMP-NINA-SALES,128.63,,286134.62,SUPER,SUPER-PAY-20260313-EMP-NINA-SALES
099999123453,13/03/2026,SUPER CLEARING HOUSE Grace High Income QA PAY-20260313-EMP-GRACE-HIG,415.38,,286263.25,SUPER,SUPER-PAY-20260313-EMP-GRACE-HIG
099999123453,13/03/2026,SUPER CLEARING HOUSE Ben Builder PAY-20260313-EMP-BEN-BUILDER,140.65,,286678.63,SUPER,SUPER-PAY-20260313-EMP-BEN-BUILDER
099999123453,13/03/2026,SUPER CLEARING HOUSE Amara Engineer PAY-20260313-EMP-AMARA-ENGINEER,207.69,,286819.28,SUPER,SUPER-PAY-20260313-EMP-AMARA-ENGINEER
099999123453,13/03/2026,PAYROLL NET WAGE Nina Sales Representative PAY-20260313-EMP-NINA-SALES,906.90,,287026.97,PAYROLL,PAYNET-PAY-20260313-EMP-NINA-SALES
099999123453,13/03/2026,PAYROLL NET WAGE Grace High Income QA PAY-20260313-EMP-GRACE-HIG,2470.54,,287933.87,PAYROLL,PAYNET-PAY-20260313-EMP-GRACE-HIG
099999123453,13/03/2026,PAYROLL NET WAGE Ben Builder PAY-20260313-EMP-BEN-BUILDER,974.10,,290404.41,PAYROLL,PAYNET-PAY-20260313-EMP-BEN-BUILDER
099999123453,13/03/2026,PAYROLL NET WAGE Amara Engineer PAY-20260313-EMP-AMARA-ENGINEER,1353.77,,291378.51,PAYROLL,PAYNET-PAY-20260313-EMP-AMARA-ENGINEER
099999123453,13/03/2026,PAYG WITHHOLDING REMITTANCE ATO Nina Sales Representative PAY-20260313-EMP-NINA-SALES,165.00,,292732.28,PAYROLL_TAX,PAYG-PAY-20260313-EMP-NINA-SALES
099999123453,13/03/2026,PAYG WITHHOLDING REMITTANCE ATO Grace High Income QA PAY-20260313-EMP-GRACE-HIG,991.00,,292897.28,PAYROLL_TAX,PAYG-PAY-20260313-EMP-GRACE-HIG
099999123453,13/03/2026,PAYG WITHHOLDING REMITTANCE ATO Ben Builder PAY-20260313-EMP-BEN-BUILDER,198.00,,293888.28,PAYROLL_TAX,PAYG-PAY-20260313-EMP-BEN-BUILDER
099999123453,13/03/2026,PAYG WITHHOLDING REMITTANCE ATO Amara Engineer PAY-20260313-EMP-AMARA-ENGINEER,377.00,,294086.28,PAYROLL_TAX,PAYG-PAY-20260313-EMP-AMARA-ENGINEER
099999123453,06/03/2026,SUPER CLEARING HOUSE Nina Sales Representative PAY-20260306-EMP-NINA-SALES,272.63,,294463.28,SUPER,SUPER-PAY-20260306-EMP-NINA-SALES
099999123453,06/03/2026,SUPER CLEARING HOUSE Grace High Income QA PAY-20260306-EMP-GRACE-HIG,415.38,,294735.91,SUPER,SUPER-PAY-20260306-EMP-GRACE-HIG
099999123453,06/03/2026,SUPER CLEARING HOUSE Ben Builder PAY-20260306-EMP-BEN-BUILDER,140.65,,295151.29,SUPER,SUPER-PAY-20260306-EMP-BEN-BUILDER
099999123453,06/03/2026,SUPER CLEARING HOUSE Amara Engineer PAY-20260306-EMP-AMARA-ENGINEER,207.69,,295291.94,SUPER,SUPER-PAY-20260306-EMP-AMARA-ENGINEER
099999123453,06/03/2026,PAYROLL NET WAGE Nina Sales Representative PAY-20260306-EMP-NINA-SALES,1721.90,,295499.63,PAYROLL,PAYNET-PAY-20260306-EMP-NINA-SALES
099999123453,06/03/2026,PAYROLL NET WAGE Grace High Income QA PAY-20260306-EMP-GRACE-HIG,2470.54,,297221.53,PAYROLL,PAYNET-PAY-20260306-EMP-GRACE-HIG
099999123453,06/03/2026,PAYROLL NET WAGE Ben Builder PAY-20260306-EMP-BEN-BUILDER,974.10,,299692.07,PAYROLL,PAYNET-PAY-20260306-EMP-BEN-BUILDER
099999123453,06/03/2026,PAYROLL NET WAGE Amara Engineer PAY-20260306-EMP-AMARA-ENGINEER,1353.77,,300666.17,PAYROLL,PAYNET-PAY-20260306-EMP-AMARA-ENGINEER
099999123453,06/03/2026,PAYG WITHHOLDING REMITTANCE ATO Nina Sales Representative PAY-20260306-EMP-NINA-SALES,550.00,,302019.94,PAYROLL_TAX,PAYG-PAY-20260306-EMP-NINA-SALES
099999123453,06/03/2026,PAYG WITHHOLDING REMITTANCE ATO Grace High Income QA PAY-20260306-EMP-GRACE-HIG,991.00,,302569.94,PAYROLL_TAX,PAYG-PAY-20260306-EMP-GRACE-HIG
099999123453,06/03/2026,PAYG WITHHOLDING REMITTANCE ATO Ben Builder PAY-20260306-EMP-BEN-BUILDER,198.00,,303560.94,PAYROLL_TAX,PAYG-PAY-20260306-EMP-BEN-BUILDER
099999123453,06/03/2026,PAYG WITHHOLDING REMITTANCE ATO Amara Engineer PAY-20260306-EMP-AMARA-ENGINEER,377.00,,303758.94,PAYROLL_TAX,PAYG-PAY-20260306-EMP-AMARA-ENGINEER
099999123453,06/03/2026,WITHDRAWAL-OSKO PAYMENT Bank BANKFEE-202602,35.00,,304135.94,PAYMENT,BTP-000032
099999123453,27/02/2026,SUPER CLEARING HOUSE Nina Sales Representative PAY-20260227-EMP-NINA-SALES,128.63,,304170.94,SUPER,SUPER-PAY-20260227-EMP-NINA-SALES
099999123453,27/02/2026,SUPER CLEARING HOUSE Grace High Income QA PAY-20260227-EMP-GRACE-HIG,415.38,,304299.57,SUPER,SUPER-PAY-20260227-EMP-GRACE-HIG
099999123453,27/02/2026,SUPER CLEARING HOUSE Ben Builder PAY-20260227-EMP-BEN-BUILDER,142.93,,304714.95,SUPER,SUPER-PAY-20260227-EMP-BEN-BUILDER
099999123453,27/02/2026,SUPER CLEARING HOUSE Amara Engineer PAY-20260227-EMP-AMARA-ENGINEER,207.69,,304857.88,SUPER,SUPER-PAY-20260227-EMP-AMARA-ENGINEER
099999123453,27/02/2026,PAYROLL NET WAGE Nina Sales Representative PAY-20260227-EMP-NINA-SALES,906.90,,305065.57,PAYROLL,PAYNET-PAY-20260227-EMP-NINA-SALES
099999123453,27/02/2026,PAYROLL NET WAGE Grace High Income QA PAY-20260227-EMP-GRACE-HIG,2470.54,,305972.47,PAYROLL,PAYNET-PAY-20260227-EMP-GRACE-HIG
099999123453,27/02/2026,PAYROLL NET WAGE Ben Builder PAY-20260227-EMP-BEN-BUILDER,987.10,,308443.01,PAYROLL,PAYNET-PAY-20260227-EMP-BEN-BUILDER
099999123453,27/02/2026,PAYROLL NET WAGE Amara Engineer PAY-20260227-EMP-AMARA-ENGINEER,1353.77,,309430.11,PAYROLL,PAYNET-PAY-20260227-EMP-AMARA-ENGINEER
099999123453,27/02/2026,PAYG WITHHOLDING REMITTANCE ATO Nina Sales Representative PAY-20260227-EMP-NINA-SALES,165.00,,310783.88,PAYROLL_TAX,PAYG-PAY-20260227-EMP-NINA-SALES
099999123453,27/02/2026,PAYG WITHHOLDING REMITTANCE ATO Grace High Income QA PAY-20260227-EMP-GRACE-HIG,991.00,,310948.88,PAYROLL_TAX,PAYG-PAY-20260227-EMP-GRACE-HIG
099999123453,27/02/2026,PAYG WITHHOLDING REMITTANCE ATO Ben Builder PAY-20260227-EMP-BEN-BUILDER,204.00,,311939.88,PAYROLL_TAX,PAYG-PAY-20260227-EMP-BEN-BUILDER
099999123453,27/02/2026,PAYG WITHHOLDING REMITTANCE ATO Amara Engineer PAY-20260227-EMP-AMARA-ENGINEER,377.00,,312143.88,PAYROLL_TAX,PAYG-PAY-20260227-EMP-AMARA-ENGINEER
099999123453,25/02/2026,WITHDRAWAL-OSKO PAYMENT Liam Surveying Contractors Pty Ltd CONTRACT-202602,3520.00,,312520.88,PAYMENT,BTP-000031
099999123453,22/02/2026,WITHDRAWAL-OSKO PAYMENT Cloud Software Vendors SOFT-202602,1595.00,,316040.88,PAYMENT,BTP-000030
099999123453,20/02/2026,SUPER CLEARING HOUSE Nina Sales Representative PAY-20260220-EMP-NINA-SALES,128.63,,317635.88,SUPER,SUPER-PAY-20260220-EMP-NINA-SALES
099999123453,20/02/2026,SUPER CLEARING HOUSE Grace High Income QA PAY-20260220-EMP-GRACE-HIG,415.38,,317764.51,SUPER,SUPER-PAY-20260220-EMP-GRACE-HIG
099999123453,20/02/2026,SUPER CLEARING HOUSE Ben Builder PAY-20260220-EMP-BEN-BUILDER,140.65,,318179.89,SUPER,SUPER-PAY-20260220-EMP-BEN-BUILDER
099999123453,20/02/2026,SUPER CLEARING HOUSE Amara Engineer PAY-20260220-EMP-AMARA-ENGINEER,207.69,,318320.54,SUPER,SUPER-PAY-20260220-EMP-AMARA-ENGINEER
099999123453,20/02/2026,PAYROLL NET WAGE Nina Sales Representative PAY-20260220-EMP-NINA-SALES,906.90,,318528.23,PAYROLL,PAYNET-PAY-20260220-EMP-NINA-SALES
099999123453,20/02/2026,PAYROLL NET WAGE Grace High Income QA PAY-20260220-EMP-GRACE-HIG,2470.54,,319435.13,PAYROLL,PAYNET-PAY-20260220-EMP-GRACE-HIG
099999123453,20/02/2026,PAYROLL NET WAGE Ben Builder PAY-20260220-EMP-BEN-BUILDER,974.10,,321905.67,PAYROLL,PAYNET-PAY-20260220-EMP-BEN-BUILDER
099999123453,20/02/2026,PAYROLL NET WAGE Amara Engineer PAY-20260220-EMP-AMARA-ENGINEER,1353.77,,322879.77,PAYROLL,PAYNET-PAY-20260220-EMP-AMARA-ENGINEER
099999123453,20/02/2026,PAYG WITHHOLDING REMITTANCE ATO Nina Sales Representative PAY-20260220-EMP-NINA-SALES,165.00,,324233.54,PAYROLL_TAX,PAYG-PAY-20260220-EMP-NINA-SALES
099999123453,20/02/2026,PAYG WITHHOLDING REMITTANCE ATO Grace High Income QA PAY-20260220-EMP-GRACE-HIG,991.00,,324398.54,PAYROLL_TAX,PAYG-PAY-20260220-EMP-GRACE-HIG
099999123453,20/02/2026,PAYG WITHHOLDING REMITTANCE ATO Ben Builder PAY-20260220-EMP-BEN-BUILDER,198.00,,325389.54,PAYROLL_TAX,PAYG-PAY-20260220-EMP-BEN-BUILDER
099999123453,20/02/2026,PAYG WITHHOLDING REMITTANCE ATO Amara Engineer PAY-20260220-EMP-AMARA-ENGINEER,377.00,,325587.54,PAYROLL_TAX,PAYG-PAY-20260220-EMP-AMARA-ENGINEER
099999123453,18/02/2026,DEPOSIT OSKO PAYMENT Project Client C INV-008,,85800.00,325964.54,DEP,BTR-000008
099999123453,16/02/2026,WITHDRAWAL-OSKO PAYMENT Harbour Property Trust RENT-202602,10120.00,,240164.54,PAYMENT,BTP-000029
099999123453,13/02/2026,SUPER CLEARING HOUSE Nina Sales Representative PAY-20260213-EMP-NINA-SALES,128.63,,250284.54,SUPER,SUPER-PAY-20260213-EMP-NINA-SALES
099999123453,13/02/2026,SUPER CLEARING HOUSE Grace High Income QA PAY-20260213-EMP-GRACE-HIG,415.38,,250413.17,SUPER,SUPER-PAY-20260213-EMP-GRACE-HIG
099999123453,13/02/2026,SUPER CLEARING HOUSE Ben Builder PAY-20260213-EMP-BEN-BUILDER,140.65,,250828.55,SUPER,SUPER-PAY-20260213-EMP-BEN-BUILDER
099999123453,13/02/2026,SUPER CLEARING HOUSE Amara Engineer PAY-20260213-EMP-AMARA-ENGINEER,207.69,,250969.20,SUPER,SUPER-PAY-20260213-EMP-AMARA-ENGINEER
099999123453,13/02/2026,PAYROLL NET WAGE Nina Sales Representative PAY-20260213-EMP-NINA-SALES,906.90,,251176.89,PAYROLL,PAYNET-PAY-20260213-EMP-NINA-SALES
099999123453,13/02/2026,PAYROLL NET WAGE Grace High Income QA PAY-20260213-EMP-GRACE-HIG,2470.54,,252083.79,PAYROLL,PAYNET-PAY-20260213-EMP-GRACE-HIG
099999123453,13/02/2026,PAYROLL NET WAGE Ben Builder PAY-20260213-EMP-BEN-BUILDER,974.10,,254554.33,PAYROLL,PAYNET-PAY-20260213-EMP-BEN-BUILDER
099999123453,13/02/2026,PAYROLL NET WAGE Amara Engineer PAY-20260213-EMP-AMARA-ENGINEER,1353.77,,255528.43,PAYROLL,PAYNET-PAY-20260213-EMP-AMARA-ENGINEER
099999123453,13/02/2026,PAYG WITHHOLDING REMITTANCE ATO Nina Sales Representative PAY-20260213-EMP-NINA-SALES,165.00,,256882.20,PAYROLL_TAX,PAYG-PAY-20260213-EMP-NINA-SALES
099999123453,13/02/2026,PAYG WITHHOLDING REMITTANCE ATO Grace High Income QA PAY-20260213-EMP-GRACE-HIG,991.00,,257047.20,PAYROLL_TAX,PAYG-PAY-20260213-EMP-GRACE-HIG
099999123453,13/02/2026,PAYG WITHHOLDING REMITTANCE ATO Ben Builder PAY-20260213-EMP-BEN-BUILDER,198.00,,258038.20,PAYROLL_TAX,PAYG-PAY-20260213-EMP-BEN-BUILDER
099999123453,13/02/2026,PAYG WITHHOLDING REMITTANCE ATO Amara Engineer PAY-20260213-EMP-AMARA-ENGINEER,377.00,,258236.20,PAYROLL_TAX,PAYG-PAY-20260213-EMP-AMARA-ENGINEER
099999123453,06/02/2026,SUPER CLEARING HOUSE Nina Sales Representative PAY-20260206-EMP-NINA-SALES,272.63,,258613.20,SUPER,SUPER-PAY-20260206-EMP-NINA-SALES
099999123453,06/02/2026,SUPER CLEARING HOUSE Grace High Income QA PAY-20260206-EMP-GRACE-HIG,415.38,,258885.83,SUPER,SUPER-PAY-20260206-EMP-GRACE-HIG
099999123453,06/02/2026,SUPER CLEARING HOUSE Ben Builder PAY-20260206-EMP-BEN-BUILDER,140.65,,259301.21,SUPER,SUPER-PAY-20260206-EMP-BEN-BUILDER
099999123453,06/02/2026,SUPER CLEARING HOUSE Amara Engineer PAY-20260206-EMP-AMARA-ENGINEER,207.69,,259441.86,SUPER,SUPER-PAY-20260206-EMP-AMARA-ENGINEER
099999123453,06/02/2026,PAYROLL NET WAGE Nina Sales Representative PAY-20260206-EMP-NINA-SALES,1721.90,,259649.55,PAYROLL,PAYNET-PAY-20260206-EMP-NINA-SALES
099999123453,06/02/2026,PAYROLL NET WAGE Grace High Income QA PAY-20260206-EMP-GRACE-HIG,2470.54,,261371.45,PAYROLL,PAYNET-PAY-20260206-EMP-GRACE-HIG
099999123453,06/02/2026,PAYROLL NET WAGE Ben Builder PAY-20260206-EMP-BEN-BUILDER,974.10,,263841.99,PAYROLL,PAYNET-PAY-20260206-EMP-BEN-BUILDER
099999123453,06/02/2026,PAYROLL NET WAGE Amara Engineer PAY-20260206-EMP-AMARA-ENGINEER,1353.77,,264816.09,PAYROLL,PAYNET-PAY-20260206-EMP-AMARA-ENGINEER
099999123453,06/02/2026,PAYG WITHHOLDING REMITTANCE ATO Nina Sales Representative PAY-20260206-EMP-NINA-SALES,550.00,,266169.86,PAYROLL_TAX,PAYG-PAY-20260206-EMP-NINA-SALES
099999123453,06/02/2026,PAYG WITHHOLDING REMITTANCE ATO Grace High Income QA PAY-20260206-EMP-GRACE-HIG,991.00,,266719.86,PAYROLL_TAX,PAYG-PAY-20260206-EMP-GRACE-HIG
099999123453,06/02/2026,PAYG WITHHOLDING REMITTANCE ATO Ben Builder PAY-20260206-EMP-BEN-BUILDER,198.00,,267710.86,PAYROLL_TAX,PAYG-PAY-20260206-EMP-BEN-BUILDER
099999123453,06/02/2026,PAYG WITHHOLDING REMITTANCE ATO Amara Engineer PAY-20260206-EMP-AMARA-ENGINEER,377.00,,267908.86,PAYROLL_TAX,PAYG-PAY-20260206-EMP-AMARA-ENGINEER
099999123453,03/02/2026,WITHDRAWAL-OSKO PAYMENT Bank BANKFEE-202601,35.00,,268285.86,PAYMENT,BTP-000028
099999123453,30/01/2026,SUPER CLEARING HOUSE Nina Sales Representative PAY-20260130-EMP-NINA-SALES,128.63,,268320.86,SUPER,SUPER-PAY-20260130-EMP-NINA-SALES
099999123453,30/01/2026,SUPER CLEARING HOUSE Grace High Income QA PAY-20260130-EMP-GRACE-HIG,415.38,,268449.49,SUPER,SUPER-PAY-20260130-EMP-GRACE-HIG
099999123453,30/01/2026,SUPER CLEARING HOUSE Ben Builder PAY-20260130-EMP-BEN-BUILDER,140.65,,268864.87,SUPER,SUPER-PAY-20260130-EMP-BEN-BUILDER
099999123453,30/01/2026,SUPER CLEARING HOUSE Amara Engineer PAY-20260130-EMP-AMARA-ENGINEER,207.69,,269005.52,SUPER,SUPER-PAY-20260130-EMP-AMARA-ENGINEER
099999123453,30/01/2026,PAYROLL NET WAGE Nina Sales Representative PAY-20260130-EMP-NINA-SALES,906.90,,269213.21,PAYROLL,PAYNET-PAY-20260130-EMP-NINA-SALES
099999123453,30/01/2026,PAYROLL NET WAGE Grace High Income QA PAY-20260130-EMP-GRACE-HIG,2470.54,,270120.11,PAYROLL,PAYNET-PAY-20260130-EMP-GRACE-HIG
099999123453,30/01/2026,PAYROLL NET WAGE Ben Builder PAY-20260130-EMP-BEN-BUILDER,974.10,,272590.65,PAYROLL,PAYNET-PAY-20260130-EMP-BEN-BUILDER
099999123453,30/01/2026,PAYROLL NET WAGE Amara Engineer PAY-20260130-EMP-AMARA-ENGINEER,1353.77,,273564.75,PAYROLL,PAYNET-PAY-20260130-EMP-AMARA-ENGINEER
099999123453,30/01/2026,PAYG WITHHOLDING REMITTANCE ATO Nina Sales Representative PAY-20260130-EMP-NINA-SALES,165.00,,274918.52,PAYROLL_TAX,PAYG-PAY-20260130-EMP-NINA-SALES
099999123453,30/01/2026,PAYG WITHHOLDING REMITTANCE ATO Grace High Income QA PAY-20260130-EMP-GRACE-HIG,991.00,,275083.52,PAYROLL_TAX,PAYG-PAY-20260130-EMP-GRACE-HIG
099999123453,30/01/2026,PAYG WITHHOLDING REMITTANCE ATO Ben Builder PAY-20260130-EMP-BEN-BUILDER,198.00,,276074.52,PAYROLL_TAX,PAYG-PAY-20260130-EMP-BEN-BUILDER
099999123453,30/01/2026,PAYG WITHHOLDING REMITTANCE ATO Amara Engineer PAY-20260130-EMP-AMARA-ENGINEER,377.00,,276272.52,PAYROLL_TAX,PAYG-PAY-20260130-EMP-AMARA-ENGINEER
099999123453,25/01/2026,WITHDRAWAL-OSKO PAYMENT Liam Surveying Contractors Pty Ltd CONTRACT-202601,3520.00,,276649.52,PAYMENT,BTP-000027
099999123453,23/01/2026,SUPER CLEARING HOUSE Nina Sales Representative PAY-20260123-EMP-NINA-SALES,128.63,,280169.52,SUPER,SUPER-PAY-20260123-EMP-NINA-SALES
099999123453,23/01/2026,SUPER CLEARING HOUSE Grace High Income QA PAY-20260123-EMP-GRACE-HIG,415.38,,280298.15,SUPER,SUPER-PAY-20260123-EMP-GRACE-HIG
099999123453,23/01/2026,SUPER CLEARING HOUSE Ben Builder PAY-20260123-EMP-BEN-BUILDER,142.93,,280713.53,SUPER,SUPER-PAY-20260123-EMP-BEN-BUILDER
099999123453,23/01/2026,SUPER CLEARING HOUSE Amara Engineer PAY-20260123-EMP-AMARA-ENGINEER,207.69,,280856.46,SUPER,SUPER-PAY-20260123-EMP-AMARA-ENGINEER
099999123453,23/01/2026,PAYROLL NET WAGE Nina Sales Representative PAY-20260123-EMP-NINA-SALES,906.90,,281064.15,PAYROLL,PAYNET-PAY-20260123-EMP-NINA-SALES
099999123453,23/01/2026,PAYROLL NET WAGE Grace High Income QA PAY-20260123-EMP-GRACE-HIG,2470.54,,281971.05,PAYROLL,PAYNET-PAY-20260123-EMP-GRACE-HIG
099999123453,23/01/2026,PAYROLL NET WAGE Ben Builder PAY-20260123-EMP-BEN-BUILDER,987.10,,284441.59,PAYROLL,PAYNET-PAY-20260123-EMP-BEN-BUILDER
099999123453,23/01/2026,PAYROLL NET WAGE Amara Engineer PAY-20260123-EMP-AMARA-ENGINEER,1353.77,,285428.69,PAYROLL,PAYNET-PAY-20260123-EMP-AMARA-ENGINEER
099999123453,23/01/2026,PAYG WITHHOLDING REMITTANCE ATO Nina Sales Representative PAY-20260123-EMP-NINA-SALES,165.00,,286782.46,PAYROLL_TAX,PAYG-PAY-20260123-EMP-NINA-SALES
099999123453,23/01/2026,PAYG WITHHOLDING REMITTANCE ATO Grace High Income QA PAY-20260123-EMP-GRACE-HIG,991.00,,286947.46,PAYROLL_TAX,PAYG-PAY-20260123-EMP-GRACE-HIG
099999123453,23/01/2026,PAYG WITHHOLDING REMITTANCE ATO Ben Builder PAY-20260123-EMP-BEN-BUILDER,204.00,,287938.46,PAYROLL_TAX,PAYG-PAY-20260123-EMP-BEN-BUILDER
099999123453,23/01/2026,PAYG WITHHOLDING REMITTANCE ATO Amara Engineer PAY-20260123-EMP-AMARA-ENGINEER,377.00,,288142.46,PAYROLL_TAX,PAYG-PAY-20260123-EMP-AMARA-ENGINEER
099999123453,22/01/2026,WITHDRAWAL-OSKO PAYMENT Cloud Software Vendors SOFT-202601,1595.00,,288519.46,PAYMENT,BTP-000026
099999123453,18/01/2026,DEPOSIT OSKO PAYMENT Project Client B INV-007,,85525.00,290114.46,DEP,BTR-000007
099999123453,16/01/2026,SUPER CLEARING HOUSE Nina Sales Representative PAY-20260116-EMP-NINA-SALES,128.63,,204589.46,SUPER,SUPER-PAY-20260116-EMP-NINA-SALES
099999123453,16/01/2026,SUPER CLEARING HOUSE Grace High Income QA PAY-20260116-EMP-GRACE-HIG,415.38,,204718.09,SUPER,SUPER-PAY-20260116-EMP-GRACE-HIG
099999123453,16/01/2026,SUPER CLEARING HOUSE Ben Builder PAY-20260116-EMP-BEN-BUILDER,140.65,,205133.47,SUPER,SUPER-PAY-20260116-EMP-BEN-BUILDER
099999123453,16/01/2026,SUPER CLEARING HOUSE Amara Engineer PAY-20260116-EMP-AMARA-ENGINEER,207.69,,205274.12,SUPER,SUPER-PAY-20260116-EMP-AMARA-ENGINEER
099999123453,16/01/2026,PAYROLL NET WAGE Nina Sales Representative PAY-20260116-EMP-NINA-SALES,906.90,,205481.81,PAYROLL,PAYNET-PAY-20260116-EMP-NINA-SALES
099999123453,16/01/2026,PAYROLL NET WAGE Grace High Income QA PAY-20260116-EMP-GRACE-HIG,2470.54,,206388.71,PAYROLL,PAYNET-PAY-20260116-EMP-GRACE-HIG
099999123453,16/01/2026,PAYROLL NET WAGE Ben Builder PAY-20260116-EMP-BEN-BUILDER,974.10,,208859.25,PAYROLL,PAYNET-PAY-20260116-EMP-BEN-BUILDER
099999123453,16/01/2026,PAYROLL NET WAGE Amara Engineer PAY-20260116-EMP-AMARA-ENGINEER,1353.77,,209833.35,PAYROLL,PAYNET-PAY-20260116-EMP-AMARA-ENGINEER
099999123453,16/01/2026,PAYG WITHHOLDING REMITTANCE ATO Nina Sales Representative PAY-20260116-EMP-NINA-SALES,165.00,,211187.12,PAYROLL_TAX,PAYG-PAY-20260116-EMP-NINA-SALES
099999123453,16/01/2026,PAYG WITHHOLDING REMITTANCE ATO Grace High Income QA PAY-20260116-EMP-GRACE-HIG,991.00,,211352.12,PAYROLL_TAX,PAYG-PAY-20260116-EMP-GRACE-HIG
099999123453,16/01/2026,PAYG WITHHOLDING REMITTANCE ATO Ben Builder PAY-20260116-EMP-BEN-BUILDER,198.00,,212343.12,PAYROLL_TAX,PAYG-PAY-20260116-EMP-BEN-BUILDER
099999123453,16/01/2026,PAYG WITHHOLDING REMITTANCE ATO Amara Engineer PAY-20260116-EMP-AMARA-ENGINEER,377.00,,212541.12,PAYROLL_TAX,PAYG-PAY-20260116-EMP-AMARA-ENGINEER
099999123453,16/01/2026,WITHDRAWAL-OSKO PAYMENT Harbour Property Trust RENT-202601,10120.00,,212918.12,PAYMENT,BTP-000025
099999123453,09/01/2026,SUPER CLEARING HOUSE Nina Sales Representative PAY-20260109-EMP-NINA-SALES,128.63,,223038.12,SUPER,SUPER-PAY-20260109-EMP-NINA-SALES
099999123453,09/01/2026,SUPER CLEARING HOUSE Grace High Income QA PAY-20260109-EMP-GRACE-HIG,415.38,,223166.75,SUPER,SUPER-PAY-20260109-EMP-GRACE-HIG
099999123453,09/01/2026,SUPER CLEARING HOUSE Ben Builder PAY-20260109-EMP-BEN-BUILDER,140.65,,223582.13,SUPER,SUPER-PAY-20260109-EMP-BEN-BUILDER
099999123453,09/01/2026,SUPER CLEARING HOUSE Amara Engineer PAY-20260109-EMP-AMARA-ENGINEER,207.69,,223722.78,SUPER,SUPER-PAY-20260109-EMP-AMARA-ENGINEER
099999123453,09/01/2026,PAYROLL NET WAGE Nina Sales Representative PAY-20260109-EMP-NINA-SALES,906.90,,223930.47,PAYROLL,PAYNET-PAY-20260109-EMP-NINA-SALES
099999123453,09/01/2026,PAYROLL NET WAGE Grace High Income QA PAY-20260109-EMP-GRACE-HIG,2470.54,,224837.37,PAYROLL,PAYNET-PAY-20260109-EMP-GRACE-HIG
099999123453,09/01/2026,PAYROLL NET WAGE Ben Builder PAY-20260109-EMP-BEN-BUILDER,974.10,,227307.91,PAYROLL,PAYNET-PAY-20260109-EMP-BEN-BUILDER
099999123453,09/01/2026,PAYROLL NET WAGE Amara Engineer PAY-20260109-EMP-AMARA-ENGINEER,1353.77,,228282.01,PAYROLL,PAYNET-PAY-20260109-EMP-AMARA-ENGINEER
099999123453,09/01/2026,PAYG WITHHOLDING REMITTANCE ATO Nina Sales Representative PAY-20260109-EMP-NINA-SALES,165.00,,229635.78,PAYROLL_TAX,PAYG-PAY-20260109-EMP-NINA-SALES
099999123453,09/01/2026,PAYG WITHHOLDING REMITTANCE ATO Grace High Income QA PAY-20260109-EMP-GRACE-HIG,991.00,,229800.78,PAYROLL_TAX,PAYG-PAY-20260109-EMP-GRACE-HIG
099999123453,09/01/2026,PAYG WITHHOLDING REMITTANCE ATO Ben Builder PAY-20260109-EMP-BEN-BUILDER,198.00,,230791.78,PAYROLL_TAX,PAYG-PAY-20260109-EMP-BEN-BUILDER
099999123453,09/01/2026,PAYG WITHHOLDING REMITTANCE ATO Amara Engineer PAY-20260109-EMP-AMARA-ENGINEER,377.00,,230989.78,PAYROLL_TAX,PAYG-PAY-20260109-EMP-AMARA-ENGINEER
099999123453,03/01/2026,WITHDRAWAL-OSKO PAYMENT Bank BANKFEE-202512,35.00,,231366.78,PAYMENT,BTP-000024
099999123453,02/01/2026,SUPER CLEARING HOUSE Nina Sales Representative PAY-20260102-EMP-NINA-SALES,272.63,,231401.78,SUPER,SUPER-PAY-20260102-EMP-NINA-SALES
099999123453,02/01/2026,SUPER CLEARING HOUSE Grace High Income QA PAY-20260102-EMP-GRACE-HIG,415.38,,231674.41,SUPER,SUPER-PAY-20260102-EMP-GRACE-HIG
099999123453,02/01/2026,SUPER CLEARING HOUSE Ben Builder PAY-20260102-EMP-BEN-BUILDER,140.65,,232089.79,SUPER,SUPER-PAY-20260102-EMP-BEN-BUILDER
099999123453,02/01/2026,SUPER CLEARING HOUSE Amara Engineer PAY-20260102-EMP-AMARA-ENGINEER,207.69,,232230.44,SUPER,SUPER-PAY-20260102-EMP-AMARA-ENGINEER
099999123453,02/01/2026,PAYROLL NET WAGE Nina Sales Representative PAY-20260102-EMP-NINA-SALES,1721.90,,232438.13,PAYROLL,PAYNET-PAY-20260102-EMP-NINA-SALES
099999123453,02/01/2026,PAYROLL NET WAGE Grace High Income QA PAY-20260102-EMP-GRACE-HIG,2470.54,,234160.03,PAYROLL,PAYNET-PAY-20260102-EMP-GRACE-HIG
099999123453,02/01/2026,PAYROLL NET WAGE Ben Builder PAY-20260102-EMP-BEN-BUILDER,974.10,,236630.57,PAYROLL,PAYNET-PAY-20260102-EMP-BEN-BUILDER
099999123453,02/01/2026,PAYROLL NET WAGE Amara Engineer PAY-20260102-EMP-AMARA-ENGINEER,1353.77,,237604.67,PAYROLL,PAYNET-PAY-20260102-EMP-AMARA-ENGINEER
099999123453,02/01/2026,PAYG WITHHOLDING REMITTANCE ATO Nina Sales Representative PAY-20260102-EMP-NINA-SALES,550.00,,238958.44,PAYROLL_TAX,PAYG-PAY-20260102-EMP-NINA-SALES
099999123453,02/01/2026,PAYG WITHHOLDING REMITTANCE ATO Grace High Income QA PAY-20260102-EMP-GRACE-HIG,991.00,,239508.44,PAYROLL_TAX,PAYG-PAY-20260102-EMP-GRACE-HIG
099999123453,02/01/2026,PAYG WITHHOLDING REMITTANCE ATO Ben Builder PAY-20260102-EMP-BEN-BUILDER,198.00,,240499.44,PAYROLL_TAX,PAYG-PAY-20260102-EMP-BEN-BUILDER
099999123453,02/01/2026,PAYG WITHHOLDING REMITTANCE ATO Amara Engineer PAY-20260102-EMP-AMARA-ENGINEER,377.00,,240697.44,PAYROLL_TAX,PAYG-PAY-20260102-EMP-AMARA-ENGINEER
099999123453,26/12/2025,SUPER CLEARING HOUSE Nina Sales Representative PAY-20251226-EMP-NINA-SALES,128.63,,241074.44,SUPER,SUPER-PAY-20251226-EMP-NINA-SALES
099999123453,26/12/2025,SUPER CLEARING HOUSE Grace High Income QA PAY-20251226-EMP-GRACE-HIG,415.38,,241203.07,SUPER,SUPER-PAY-20251226-EMP-GRACE-HIG
099999123453,26/12/2025,SUPER CLEARING HOUSE Ben Builder PAY-20251226-EMP-BEN-BUILDER,140.65,,241618.45,SUPER,SUPER-PAY-20251226-EMP-BEN-BUILDER
099999123453,26/12/2025,SUPER CLEARING HOUSE Amara Engineer PAY-20251226-EMP-AMARA-ENGINEER,207.69,,241759.10,SUPER,SUPER-PAY-20251226-EMP-AMARA-ENGINEER
099999123453,26/12/2025,PAYROLL NET WAGE Nina Sales Representative PAY-20251226-EMP-NINA-SALES,906.90,,241966.79,PAYROLL,PAYNET-PAY-20251226-EMP-NINA-SALES
099999123453,26/12/2025,PAYROLL NET WAGE Grace High Income QA PAY-20251226-EMP-GRACE-HIG,2470.54,,242873.69,PAYROLL,PAYNET-PAY-20251226-EMP-GRACE-HIG
099999123453,26/12/2025,PAYROLL NET WAGE Ben Builder PAY-20251226-EMP-BEN-BUILDER,974.10,,245344.23,PAYROLL,PAYNET-PAY-20251226-EMP-BEN-BUILDER
099999123453,26/12/2025,PAYROLL NET WAGE Amara Engineer PAY-20251226-EMP-AMARA-ENGINEER,1353.77,,246318.33,PAYROLL,PAYNET-PAY-20251226-EMP-AMARA-ENGINEER
099999123453,26/12/2025,PAYG WITHHOLDING REMITTANCE ATO Nina Sales Representative PAY-20251226-EMP-NINA-SALES,165.00,,247672.10,PAYROLL_TAX,PAYG-PAY-20251226-EMP-NINA-SALES
099999123453,26/12/2025,PAYG WITHHOLDING REMITTANCE ATO Grace High Income QA PAY-20251226-EMP-GRACE-HIG,991.00,,247837.10,PAYROLL_TAX,PAYG-PAY-20251226-EMP-GRACE-HIG
099999123453,26/12/2025,PAYG WITHHOLDING REMITTANCE ATO Ben Builder PAY-20251226-EMP-BEN-BUILDER,198.00,,248828.10,PAYROLL_TAX,PAYG-PAY-20251226-EMP-BEN-BUILDER
099999123453,26/12/2025,PAYG WITHHOLDING REMITTANCE ATO Amara Engineer PAY-20251226-EMP-AMARA-ENGINEER,377.00,,249026.10,PAYROLL_TAX,PAYG-PAY-20251226-EMP-AMARA-ENGINEER
099999123453,25/12/2025,WITHDRAWAL-OSKO PAYMENT Liam Surveying Contractors Pty Ltd CONTRACT-202512,3520.00,,249403.10,PAYMENT,BTP-000023
099999123453,22/12/2025,WITHDRAWAL-OSKO PAYMENT Cloud Software Vendors SOFT-202512,1595.00,,252923.10,PAYMENT,BTP-000022
099999123453,19/12/2025,SUPER CLEARING HOUSE Nina Sales Representative PAY-20251219-EMP-NINA-SALES,128.63,,254518.10,SUPER,SUPER-PAY-20251219-EMP-NINA-SALES
099999123453,19/12/2025,SUPER CLEARING HOUSE Grace High Income QA PAY-20251219-EMP-GRACE-HIG,415.38,,254646.73,SUPER,SUPER-PAY-20251219-EMP-GRACE-HIG
099999123453,19/12/2025,SUPER CLEARING HOUSE Ben Builder PAY-20251219-EMP-BEN-BUILDER,142.93,,255062.11,SUPER,SUPER-PAY-20251219-EMP-BEN-BUILDER
099999123453,19/12/2025,SUPER CLEARING HOUSE Amara Engineer PAY-20251219-EMP-AMARA-ENGINEER,207.69,,255205.04,SUPER,SUPER-PAY-20251219-EMP-AMARA-ENGINEER
099999123453,19/12/2025,PAYROLL NET WAGE Nina Sales Representative PAY-20251219-EMP-NINA-SALES,906.90,,255412.73,PAYROLL,PAYNET-PAY-20251219-EMP-NINA-SALES
099999123453,19/12/2025,PAYROLL NET WAGE Grace High Income QA PAY-20251219-EMP-GRACE-HIG,2470.54,,256319.63,PAYROLL,PAYNET-PAY-20251219-EMP-GRACE-HIG
099999123453,19/12/2025,PAYROLL NET WAGE Ben Builder PAY-20251219-EMP-BEN-BUILDER,987.10,,258790.17,PAYROLL,PAYNET-PAY-20251219-EMP-BEN-BUILDER
099999123453,19/12/2025,PAYROLL NET WAGE Amara Engineer PAY-20251219-EMP-AMARA-ENGINEER,1353.77,,259777.27,PAYROLL,PAYNET-PAY-20251219-EMP-AMARA-ENGINEER
099999123453,19/12/2025,PAYG WITHHOLDING REMITTANCE ATO Nina Sales Representative PAY-20251219-EMP-NINA-SALES,165.00,,261131.04,PAYROLL_TAX,PAYG-PAY-20251219-EMP-NINA-SALES
099999123453,19/12/2025,PAYG WITHHOLDING REMITTANCE ATO Grace High Income QA PAY-20251219-EMP-GRACE-HIG,991.00,,261296.04,PAYROLL_TAX,PAYG-PAY-20251219-EMP-GRACE-HIG
099999123453,19/12/2025,PAYG WITHHOLDING REMITTANCE ATO Ben Builder PAY-20251219-EMP-BEN-BUILDER,204.00,,262287.04,PAYROLL_TAX,PAYG-PAY-20251219-EMP-BEN-BUILDER
099999123453,19/12/2025,PAYG WITHHOLDING REMITTANCE ATO Amara Engineer PAY-20251219-EMP-AMARA-ENGINEER,377.00,,262491.04,PAYROLL_TAX,PAYG-PAY-20251219-EMP-AMARA-ENGINEER
099999123453,18/12/2025,DEPOSIT OSKO PAYMENT Project Client A INV-006,,85250.00,262868.04,DEP,BTR-000006
099999123453,16/12/2025,WITHDRAWAL-OSKO PAYMENT Harbour Property Trust RENT-202512,10120.00,,177618.04,PAYMENT,BTP-000021
099999123453,12/12/2025,SUPER CLEARING HOUSE Nina Sales Representative PAY-20251212-EMP-NINA-SALES,128.63,,187738.04,SUPER,SUPER-PAY-20251212-EMP-NINA-SALES
099999123453,12/12/2025,SUPER CLEARING HOUSE Grace High Income QA PAY-20251212-EMP-GRACE-HIG,415.38,,187866.67,SUPER,SUPER-PAY-20251212-EMP-GRACE-HIG
099999123453,12/12/2025,SUPER CLEARING HOUSE Ben Builder PAY-20251212-EMP-BEN-BUILDER,140.65,,188282.05,SUPER,SUPER-PAY-20251212-EMP-BEN-BUILDER
099999123453,12/12/2025,SUPER CLEARING HOUSE Amara Engineer PAY-20251212-EMP-AMARA-ENGINEER,207.69,,188422.70,SUPER,SUPER-PAY-20251212-EMP-AMARA-ENGINEER
099999123453,12/12/2025,PAYROLL NET WAGE Nina Sales Representative PAY-20251212-EMP-NINA-SALES,906.90,,188630.39,PAYROLL,PAYNET-PAY-20251212-EMP-NINA-SALES
099999123453,12/12/2025,PAYROLL NET WAGE Grace High Income QA PAY-20251212-EMP-GRACE-HIG,2470.54,,189537.29,PAYROLL,PAYNET-PAY-20251212-EMP-GRACE-HIG
099999123453,12/12/2025,PAYROLL NET WAGE Ben Builder PAY-20251212-EMP-BEN-BUILDER,974.10,,192007.83,PAYROLL,PAYNET-PAY-20251212-EMP-BEN-BUILDER
099999123453,12/12/2025,PAYROLL NET WAGE Amara Engineer PAY-20251212-EMP-AMARA-ENGINEER,1353.77,,192981.93,PAYROLL,PAYNET-PAY-20251212-EMP-AMARA-ENGINEER
099999123453,12/12/2025,PAYG WITHHOLDING REMITTANCE ATO Nina Sales Representative PAY-20251212-EMP-NINA-SALES,165.00,,194335.70,PAYROLL_TAX,PAYG-PAY-20251212-EMP-NINA-SALES
099999123453,12/12/2025,PAYG WITHHOLDING REMITTANCE ATO Grace High Income QA PAY-20251212-EMP-GRACE-HIG,991.00,,194500.70,PAYROLL_TAX,PAYG-PAY-20251212-EMP-GRACE-HIG
099999123453,12/12/2025,PAYG WITHHOLDING REMITTANCE ATO Ben Builder PAY-20251212-EMP-BEN-BUILDER,198.00,,195491.70,PAYROLL_TAX,PAYG-PAY-20251212-EMP-BEN-BUILDER
099999123453,12/12/2025,PAYG WITHHOLDING REMITTANCE ATO Amara Engineer PAY-20251212-EMP-AMARA-ENGINEER,377.00,,195689.70,PAYROLL_TAX,PAYG-PAY-20251212-EMP-AMARA-ENGINEER
099999123453,05/12/2025,SUPER CLEARING HOUSE Nina Sales Representative PAY-20251205-EMP-NINA-SALES,272.63,,196066.70,SUPER,SUPER-PAY-20251205-EMP-NINA-SALES
099999123453,05/12/2025,SUPER CLEARING HOUSE Grace High Income QA PAY-20251205-EMP-GRACE-HIG,415.38,,196339.33,SUPER,SUPER-PAY-20251205-EMP-GRACE-HIG
099999123453,05/12/2025,SUPER CLEARING HOUSE Ben Builder PAY-20251205-EMP-BEN-BUILDER,140.65,,196754.71,SUPER,SUPER-PAY-20251205-EMP-BEN-BUILDER
099999123453,05/12/2025,SUPER CLEARING HOUSE Amara Engineer PAY-20251205-EMP-AMARA-ENGINEER,207.69,,196895.36,SUPER,SUPER-PAY-20251205-EMP-AMARA-ENGINEER
099999123453,05/12/2025,PAYROLL NET WAGE Nina Sales Representative PAY-20251205-EMP-NINA-SALES,1721.90,,197103.05,PAYROLL,PAYNET-PAY-20251205-EMP-NINA-SALES
099999123453,05/12/2025,PAYROLL NET WAGE Grace High Income QA PAY-20251205-EMP-GRACE-HIG,2470.54,,198824.95,PAYROLL,PAYNET-PAY-20251205-EMP-GRACE-HIG
099999123453,05/12/2025,PAYROLL NET WAGE Ben Builder PAY-20251205-EMP-BEN-BUILDER,974.10,,201295.49,PAYROLL,PAYNET-PAY-20251205-EMP-BEN-BUILDER
099999123453,05/12/2025,PAYROLL NET WAGE Amara Engineer PAY-20251205-EMP-AMARA-ENGINEER,1353.77,,202269.59,PAYROLL,PAYNET-PAY-20251205-EMP-AMARA-ENGINEER
099999123453,05/12/2025,PAYG WITHHOLDING REMITTANCE ATO Nina Sales Representative PAY-20251205-EMP-NINA-SALES,550.00,,203623.36,PAYROLL_TAX,PAYG-PAY-20251205-EMP-NINA-SALES
099999123453,05/12/2025,PAYG WITHHOLDING REMITTANCE ATO Grace High Income QA PAY-20251205-EMP-GRACE-HIG,991.00,,204173.36,PAYROLL_TAX,PAYG-PAY-20251205-EMP-GRACE-HIG
099999123453,05/12/2025,PAYG WITHHOLDING REMITTANCE ATO Ben Builder PAY-20251205-EMP-BEN-BUILDER,198.00,,205164.36,PAYROLL_TAX,PAYG-PAY-20251205-EMP-BEN-BUILDER
099999123453,05/12/2025,PAYG WITHHOLDING REMITTANCE ATO Amara Engineer PAY-20251205-EMP-AMARA-ENGINEER,377.00,,205362.36,PAYROLL_TAX,PAYG-PAY-20251205-EMP-AMARA-ENGINEER
099999123453,04/12/2025,WITHDRAWAL-OSKO PAYMENT Bank BANKFEE-202511,35.00,,205739.36,PAYMENT,BTP-000020
099999123453,28/11/2025,SUPER CLEARING HOUSE Nina Sales Representative PAY-20251128-EMP-NINA-SALES,128.63,,205774.36,SUPER,SUPER-PAY-20251128-EMP-NINA-SALES
099999123453,28/11/2025,SUPER CLEARING HOUSE Grace High Income QA PAY-20251128-EMP-GRACE-HIG,415.38,,205902.99,SUPER,SUPER-PAY-20251128-EMP-GRACE-HIG
099999123453,28/11/2025,SUPER CLEARING HOUSE Ben Builder PAY-20251128-EMP-BEN-BUILDER,140.65,,206318.37,SUPER,SUPER-PAY-20251128-EMP-BEN-BUILDER
099999123453,28/11/2025,SUPER CLEARING HOUSE Amara Engineer PAY-20251128-EMP-AMARA-ENGINEER,207.69,,206459.02,SUPER,SUPER-PAY-20251128-EMP-AMARA-ENGINEER
099999123453,28/11/2025,PAYROLL NET WAGE Nina Sales Representative PAY-20251128-EMP-NINA-SALES,906.90,,206666.71,PAYROLL,PAYNET-PAY-20251128-EMP-NINA-SALES
099999123453,28/11/2025,PAYROLL NET WAGE Grace High Income QA PAY-20251128-EMP-GRACE-HIG,2470.54,,207573.61,PAYROLL,PAYNET-PAY-20251128-EMP-GRACE-HIG
099999123453,28/11/2025,PAYROLL NET WAGE Ben Builder PAY-20251128-EMP-BEN-BUILDER,974.10,,210044.15,PAYROLL,PAYNET-PAY-20251128-EMP-BEN-BUILDER
099999123453,28/11/2025,PAYROLL NET WAGE Amara Engineer PAY-20251128-EMP-AMARA-ENGINEER,1353.77,,211018.25,PAYROLL,PAYNET-PAY-20251128-EMP-AMARA-ENGINEER
099999123453,28/11/2025,PAYG WITHHOLDING REMITTANCE ATO Nina Sales Representative PAY-20251128-EMP-NINA-SALES,165.00,,212372.02,PAYROLL_TAX,PAYG-PAY-20251128-EMP-NINA-SALES
099999123453,28/11/2025,PAYG WITHHOLDING REMITTANCE ATO Grace High Income QA PAY-20251128-EMP-GRACE-HIG,991.00,,212537.02,PAYROLL_TAX,PAYG-PAY-20251128-EMP-GRACE-HIG
099999123453,28/11/2025,PAYG WITHHOLDING REMITTANCE ATO Ben Builder PAY-20251128-EMP-BEN-BUILDER,198.00,,213528.02,PAYROLL_TAX,PAYG-PAY-20251128-EMP-BEN-BUILDER
099999123453,28/11/2025,PAYG WITHHOLDING REMITTANCE ATO Amara Engineer PAY-20251128-EMP-AMARA-ENGINEER,377.00,,213726.02,PAYROLL_TAX,PAYG-PAY-20251128-EMP-AMARA-ENGINEER
099999123453,25/11/2025,WITHDRAWAL-OSKO PAYMENT Liam Surveying Contractors Pty Ltd CONTRACT-202511,3520.00,,214103.02,PAYMENT,BTP-000019
099999123453,22/11/2025,WITHDRAWAL-OSKO PAYMENT Cloud Software Vendors SOFT-202511,1595.00,,217623.02,PAYMENT,BTP-000018
099999123453,21/11/2025,SUPER CLEARING HOUSE Nina Sales Representative PAY-20251121-EMP-NINA-SALES,128.63,,219218.02,SUPER,SUPER-PAY-20251121-EMP-NINA-SALES
099999123453,21/11/2025,SUPER CLEARING HOUSE Grace High Income QA PAY-20251121-EMP-GRACE-HIG,415.38,,219346.65,SUPER,SUPER-PAY-20251121-EMP-GRACE-HIG
099999123453,21/11/2025,SUPER CLEARING HOUSE Ben Builder PAY-20251121-EMP-BEN-BUILDER,140.65,,219762.03,SUPER,SUPER-PAY-20251121-EMP-BEN-BUILDER
099999123453,21/11/2025,SUPER CLEARING HOUSE Amara Engineer PAY-20251121-EMP-AMARA-ENGINEER,207.69,,219902.68,SUPER,SUPER-PAY-20251121-EMP-AMARA-ENGINEER
099999123453,21/11/2025,PAYROLL NET WAGE Nina Sales Representative PAY-20251121-EMP-NINA-SALES,906.90,,220110.37,PAYROLL,PAYNET-PAY-20251121-EMP-NINA-SALES
099999123453,21/11/2025,PAYROLL NET WAGE Grace High Income QA PAY-20251121-EMP-GRACE-HIG,2470.54,,221017.27,PAYROLL,PAYNET-PAY-20251121-EMP-GRACE-HIG
099999123453,21/11/2025,PAYROLL NET WAGE Ben Builder PAY-20251121-EMP-BEN-BUILDER,974.10,,223487.81,PAYROLL,PAYNET-PAY-20251121-EMP-BEN-BUILDER
099999123453,21/11/2025,PAYROLL NET WAGE Amara Engineer PAY-20251121-EMP-AMARA-ENGINEER,1353.77,,224461.91,PAYROLL,PAYNET-PAY-20251121-EMP-AMARA-ENGINEER
099999123453,21/11/2025,PAYG WITHHOLDING REMITTANCE ATO Nina Sales Representative PAY-20251121-EMP-NINA-SALES,165.00,,225815.68,PAYROLL_TAX,PAYG-PAY-20251121-EMP-NINA-SALES
099999123453,21/11/2025,PAYG WITHHOLDING REMITTANCE ATO Grace High Income QA PAY-20251121-EMP-GRACE-HIG,991.00,,225980.68,PAYROLL_TAX,PAYG-PAY-20251121-EMP-GRACE-HIG
099999123453,21/11/2025,PAYG WITHHOLDING REMITTANCE ATO Ben Builder PAY-20251121-EMP-BEN-BUILDER,198.00,,226971.68,PAYROLL_TAX,PAYG-PAY-20251121-EMP-BEN-BUILDER
099999123453,21/11/2025,PAYG WITHHOLDING REMITTANCE ATO Amara Engineer PAY-20251121-EMP-AMARA-ENGINEER,377.00,,227169.68,PAYROLL_TAX,PAYG-PAY-20251121-EMP-AMARA-ENGINEER
099999123453,18/11/2025,DEPOSIT OSKO PAYMENT Project Client C INV-005,,84975.00,227546.68,DEP,BTR-000005
099999123453,16/11/2025,WITHDRAWAL-OSKO PAYMENT Harbour Property Trust RENT-202511,10120.00,,142571.68,PAYMENT,BTP-000017
099999123453,14/11/2025,SUPER CLEARING HOUSE Nina Sales Representative PAY-20251114-EMP-NINA-SALES,128.63,,152691.68,SUPER,SUPER-PAY-20251114-EMP-NINA-SALES
099999123453,14/11/2025,SUPER CLEARING HOUSE Grace High Income QA PAY-20251114-EMP-GRACE-HIG,415.38,,152820.31,SUPER,SUPER-PAY-20251114-EMP-GRACE-HIG
099999123453,14/11/2025,SUPER CLEARING HOUSE Ben Builder PAY-20251114-EMP-BEN-BUILDER,142.93,,153235.69,SUPER,SUPER-PAY-20251114-EMP-BEN-BUILDER
099999123453,14/11/2025,SUPER CLEARING HOUSE Amara Engineer PAY-20251114-EMP-AMARA-ENGINEER,207.69,,153378.62,SUPER,SUPER-PAY-20251114-EMP-AMARA-ENGINEER
099999123453,14/11/2025,PAYROLL NET WAGE Nina Sales Representative PAY-20251114-EMP-NINA-SALES,906.90,,153586.31,PAYROLL,PAYNET-PAY-20251114-EMP-NINA-SALES
099999123453,14/11/2025,PAYROLL NET WAGE Grace High Income QA PAY-20251114-EMP-GRACE-HIG,2470.54,,154493.21,PAYROLL,PAYNET-PAY-20251114-EMP-GRACE-HIG
099999123453,14/11/2025,PAYROLL NET WAGE Ben Builder PAY-20251114-EMP-BEN-BUILDER,987.10,,156963.75,PAYROLL,PAYNET-PAY-20251114-EMP-BEN-BUILDER
099999123453,14/11/2025,PAYROLL NET WAGE Amara Engineer PAY-20251114-EMP-AMARA-ENGINEER,1353.77,,157950.85,PAYROLL,PAYNET-PAY-20251114-EMP-AMARA-ENGINEER
099999123453,14/11/2025,PAYG WITHHOLDING REMITTANCE ATO Nina Sales Representative PAY-20251114-EMP-NINA-SALES,165.00,,159304.62,PAYROLL_TAX,PAYG-PAY-20251114-EMP-NINA-SALES
099999123453,14/11/2025,PAYG WITHHOLDING REMITTANCE ATO Grace High Income QA PAY-20251114-EMP-GRACE-HIG,991.00,,159469.62,PAYROLL_TAX,PAYG-PAY-20251114-EMP-GRACE-HIG
099999123453,14/11/2025,PAYG WITHHOLDING REMITTANCE ATO Ben Builder PAY-20251114-EMP-BEN-BUILDER,204.00,,160460.62,PAYROLL_TAX,PAYG-PAY-20251114-EMP-BEN-BUILDER
099999123453,14/11/2025,PAYG WITHHOLDING REMITTANCE ATO Amara Engineer PAY-20251114-EMP-AMARA-ENGINEER,377.00,,160664.62,PAYROLL_TAX,PAYG-PAY-20251114-EMP-AMARA-ENGINEER
099999123453,07/11/2025,SUPER CLEARING HOUSE Nina Sales Representative PAY-20251107-EMP-NINA-SALES,272.63,,161041.62,SUPER,SUPER-PAY-20251107-EMP-NINA-SALES
099999123453,07/11/2025,SUPER CLEARING HOUSE Grace High Income QA PAY-20251107-EMP-GRACE-HIG,415.38,,161314.25,SUPER,SUPER-PAY-20251107-EMP-GRACE-HIG
099999123453,07/11/2025,SUPER CLEARING HOUSE Ben Builder PAY-20251107-EMP-BEN-BUILDER,140.65,,161729.63,SUPER,SUPER-PAY-20251107-EMP-BEN-BUILDER
099999123453,07/11/2025,SUPER CLEARING HOUSE Amara Engineer PAY-20251107-EMP-AMARA-ENGINEER,207.69,,161870.28,SUPER,SUPER-PAY-20251107-EMP-AMARA-ENGINEER
099999123453,07/11/2025,PAYROLL NET WAGE Nina Sales Representative PAY-20251107-EMP-NINA-SALES,1721.90,,162077.97,PAYROLL,PAYNET-PAY-20251107-EMP-NINA-SALES
099999123453,07/11/2025,PAYROLL NET WAGE Grace High Income QA PAY-20251107-EMP-GRACE-HIG,2470.54,,163799.87,PAYROLL,PAYNET-PAY-20251107-EMP-GRACE-HIG
099999123453,07/11/2025,PAYROLL NET WAGE Ben Builder PAY-20251107-EMP-BEN-BUILDER,974.10,,166270.41,PAYROLL,PAYNET-PAY-20251107-EMP-BEN-BUILDER
099999123453,07/11/2025,PAYROLL NET WAGE Amara Engineer PAY-20251107-EMP-AMARA-ENGINEER,1353.77,,167244.51,PAYROLL,PAYNET-PAY-20251107-EMP-AMARA-ENGINEER
099999123453,07/11/2025,PAYG WITHHOLDING REMITTANCE ATO Nina Sales Representative PAY-20251107-EMP-NINA-SALES,550.00,,168598.28,PAYROLL_TAX,PAYG-PAY-20251107-EMP-NINA-SALES
099999123453,07/11/2025,PAYG WITHHOLDING REMITTANCE ATO Grace High Income QA PAY-20251107-EMP-GRACE-HIG,991.00,,169148.28,PAYROLL_TAX,PAYG-PAY-20251107-EMP-GRACE-HIG
099999123453,07/11/2025,PAYG WITHHOLDING REMITTANCE ATO Ben Builder PAY-20251107-EMP-BEN-BUILDER,198.00,,170139.28,PAYROLL_TAX,PAYG-PAY-20251107-EMP-BEN-BUILDER
099999123453,07/11/2025,PAYG WITHHOLDING REMITTANCE ATO Amara Engineer PAY-20251107-EMP-AMARA-ENGINEER,377.00,,170337.28,PAYROLL_TAX,PAYG-PAY-20251107-EMP-AMARA-ENGINEER
099999123453,03/11/2025,WITHDRAWAL-OSKO PAYMENT Bank BANKFEE-202510,35.00,,170714.28,PAYMENT,BTP-000016
099999123453,31/10/2025,SUPER CLEARING HOUSE Nina Sales Representative PAY-20251031-EMP-NINA-SALES,128.63,,170749.28,SUPER,SUPER-PAY-20251031-EMP-NINA-SALES
099999123453,31/10/2025,SUPER CLEARING HOUSE Grace High Income QA PAY-20251031-EMP-GRACE-HIG,415.38,,170877.91,SUPER,SUPER-PAY-20251031-EMP-GRACE-HIG
099999123453,31/10/2025,SUPER CLEARING HOUSE Ben Builder PAY-20251031-EMP-BEN-BUILDER,140.65,,171293.29,SUPER,SUPER-PAY-20251031-EMP-BEN-BUILDER
099999123453,31/10/2025,SUPER CLEARING HOUSE Amara Engineer PAY-20251031-EMP-AMARA-ENGINEER,207.69,,171433.94,SUPER,SUPER-PAY-20251031-EMP-AMARA-ENGINEER
099999123453,31/10/2025,PAYROLL NET WAGE Nina Sales Representative PAY-20251031-EMP-NINA-SALES,906.90,,171641.63,PAYROLL,PAYNET-PAY-20251031-EMP-NINA-SALES
099999123453,31/10/2025,PAYROLL NET WAGE Grace High Income QA PAY-20251031-EMP-GRACE-HIG,2470.54,,172548.53,PAYROLL,PAYNET-PAY-20251031-EMP-GRACE-HIG
099999123453,31/10/2025,PAYROLL NET WAGE Ben Builder PAY-20251031-EMP-BEN-BUILDER,974.10,,175019.07,PAYROLL,PAYNET-PAY-20251031-EMP-BEN-BUILDER
099999123453,31/10/2025,PAYROLL NET WAGE Amara Engineer PAY-20251031-EMP-AMARA-ENGINEER,1353.77,,175993.17,PAYROLL,PAYNET-PAY-20251031-EMP-AMARA-ENGINEER
099999123453,31/10/2025,PAYG WITHHOLDING REMITTANCE ATO Nina Sales Representative PAY-20251031-EMP-NINA-SALES,165.00,,177346.94,PAYROLL_TAX,PAYG-PAY-20251031-EMP-NINA-SALES
099999123453,31/10/2025,PAYG WITHHOLDING REMITTANCE ATO Grace High Income QA PAY-20251031-EMP-GRACE-HIG,991.00,,177511.94,PAYROLL_TAX,PAYG-PAY-20251031-EMP-GRACE-HIG
099999123453,31/10/2025,PAYG WITHHOLDING REMITTANCE ATO Ben Builder PAY-20251031-EMP-BEN-BUILDER,198.00,,178502.94,PAYROLL_TAX,PAYG-PAY-20251031-EMP-BEN-BUILDER
099999123453,31/10/2025,PAYG WITHHOLDING REMITTANCE ATO Amara Engineer PAY-20251031-EMP-AMARA-ENGINEER,377.00,,178700.94,PAYROLL_TAX,PAYG-PAY-20251031-EMP-AMARA-ENGINEER
099999123453,25/10/2025,WITHDRAWAL-OSKO PAYMENT Liam Surveying Contractors Pty Ltd CONTRACT-202510,3520.00,,179077.94,PAYMENT,BTP-000015
099999123453,24/10/2025,SUPER CLEARING HOUSE Nina Sales Representative PAY-20251024-EMP-NINA-SALES,128.63,,182597.94,SUPER,SUPER-PAY-20251024-EMP-NINA-SALES
099999123453,24/10/2025,SUPER CLEARING HOUSE Grace High Income QA PAY-20251024-EMP-GRACE-HIG,415.38,,182726.57,SUPER,SUPER-PAY-20251024-EMP-GRACE-HIG
099999123453,24/10/2025,SUPER CLEARING HOUSE Ben Builder PAY-20251024-EMP-BEN-BUILDER,140.65,,183141.95,SUPER,SUPER-PAY-20251024-EMP-BEN-BUILDER
099999123453,24/10/2025,SUPER CLEARING HOUSE Amara Engineer PAY-20251024-EMP-AMARA-ENGINEER,207.69,,183282.60,SUPER,SUPER-PAY-20251024-EMP-AMARA-ENGINEER
099999123453,24/10/2025,PAYROLL NET WAGE Nina Sales Representative PAY-20251024-EMP-NINA-SALES,906.90,,183490.29,PAYROLL,PAYNET-PAY-20251024-EMP-NINA-SALES
099999123453,24/10/2025,PAYROLL NET WAGE Grace High Income QA PAY-20251024-EMP-GRACE-HIG,2470.54,,184397.19,PAYROLL,PAYNET-PAY-20251024-EMP-GRACE-HIG
099999123453,24/10/2025,PAYROLL NET WAGE Ben Builder PAY-20251024-EMP-BEN-BUILDER,974.10,,186867.73,PAYROLL,PAYNET-PAY-20251024-EMP-BEN-BUILDER
099999123453,24/10/2025,PAYROLL NET WAGE Amara Engineer PAY-20251024-EMP-AMARA-ENGINEER,1353.77,,187841.83,PAYROLL,PAYNET-PAY-20251024-EMP-AMARA-ENGINEER
099999123453,24/10/2025,PAYG WITHHOLDING REMITTANCE ATO Nina Sales Representative PAY-20251024-EMP-NINA-SALES,165.00,,189195.60,PAYROLL_TAX,PAYG-PAY-20251024-EMP-NINA-SALES
099999123453,24/10/2025,PAYG WITHHOLDING REMITTANCE ATO Grace High Income QA PAY-20251024-EMP-GRACE-HIG,991.00,,189360.60,PAYROLL_TAX,PAYG-PAY-20251024-EMP-GRACE-HIG
099999123453,24/10/2025,PAYG WITHHOLDING REMITTANCE ATO Ben Builder PAY-20251024-EMP-BEN-BUILDER,198.00,,190351.60,PAYROLL_TAX,PAYG-PAY-20251024-EMP-BEN-BUILDER
099999123453,24/10/2025,PAYG WITHHOLDING REMITTANCE ATO Amara Engineer PAY-20251024-EMP-AMARA-ENGINEER,377.00,,190549.60,PAYROLL_TAX,PAYG-PAY-20251024-EMP-AMARA-ENGINEER
099999123453,22/10/2025,WITHDRAWAL-OSKO PAYMENT Cloud Software Vendors SOFT-202510,1595.00,,190926.60,PAYMENT,BTP-000014
099999123453,18/10/2025,DEPOSIT OSKO PAYMENT Project Client B INV-004,,84700.00,192521.60,DEP,BTR-000004
099999123453,17/10/2025,SUPER CLEARING HOUSE Nina Sales Representative PAY-20251017-EMP-NINA-SALES,128.63,,107821.60,SUPER,SUPER-PAY-20251017-EMP-NINA-SALES
099999123453,17/10/2025,SUPER CLEARING HOUSE Grace High Income QA PAY-20251017-EMP-GRACE-HIG,415.38,,107950.23,SUPER,SUPER-PAY-20251017-EMP-GRACE-HIG
099999123453,17/10/2025,SUPER CLEARING HOUSE Ben Builder PAY-20251017-EMP-BEN-BUILDER,140.65,,108365.61,SUPER,SUPER-PAY-20251017-EMP-BEN-BUILDER
099999123453,17/10/2025,SUPER CLEARING HOUSE Amara Engineer PAY-20251017-EMP-AMARA-ENGINEER,207.69,,108506.26,SUPER,SUPER-PAY-20251017-EMP-AMARA-ENGINEER
099999123453,17/10/2025,PAYROLL NET WAGE Nina Sales Representative PAY-20251017-EMP-NINA-SALES,906.90,,108713.95,PAYROLL,PAYNET-PAY-20251017-EMP-NINA-SALES
099999123453,17/10/2025,PAYROLL NET WAGE Grace High Income QA PAY-20251017-EMP-GRACE-HIG,2470.54,,109620.85,PAYROLL,PAYNET-PAY-20251017-EMP-GRACE-HIG
099999123453,17/10/2025,PAYROLL NET WAGE Ben Builder PAY-20251017-EMP-BEN-BUILDER,974.10,,112091.39,PAYROLL,PAYNET-PAY-20251017-EMP-BEN-BUILDER
099999123453,17/10/2025,PAYROLL NET WAGE Amara Engineer PAY-20251017-EMP-AMARA-ENGINEER,1353.77,,113065.49,PAYROLL,PAYNET-PAY-20251017-EMP-AMARA-ENGINEER
099999123453,17/10/2025,PAYG WITHHOLDING REMITTANCE ATO Nina Sales Representative PAY-20251017-EMP-NINA-SALES,165.00,,114419.26,PAYROLL_TAX,PAYG-PAY-20251017-EMP-NINA-SALES
099999123453,17/10/2025,PAYG WITHHOLDING REMITTANCE ATO Grace High Income QA PAY-20251017-EMP-GRACE-HIG,991.00,,114584.26,PAYROLL_TAX,PAYG-PAY-20251017-EMP-GRACE-HIG
099999123453,17/10/2025,PAYG WITHHOLDING REMITTANCE ATO Ben Builder PAY-20251017-EMP-BEN-BUILDER,198.00,,115575.26,PAYROLL_TAX,PAYG-PAY-20251017-EMP-BEN-BUILDER
099999123453,17/10/2025,PAYG WITHHOLDING REMITTANCE ATO Amara Engineer PAY-20251017-EMP-AMARA-ENGINEER,377.00,,115773.26,PAYROLL_TAX,PAYG-PAY-20251017-EMP-AMARA-ENGINEER
099999123453,16/10/2025,WITHDRAWAL-OSKO PAYMENT Harbour Property Trust RENT-202510,10120.00,,116150.26,PAYMENT,BTP-000013
099999123453,10/10/2025,SUPER CLEARING HOUSE Nina Sales Representative PAY-20251010-EMP-NINA-SALES,128.63,,126270.26,SUPER,SUPER-PAY-20251010-EMP-NINA-SALES
099999123453,10/10/2025,SUPER CLEARING HOUSE Grace High Income QA PAY-20251010-EMP-GRACE-HIG,415.38,,126398.89,SUPER,SUPER-PAY-20251010-EMP-GRACE-HIG
099999123453,10/10/2025,SUPER CLEARING HOUSE Ben Builder PAY-20251010-EMP-BEN-BUILDER,142.93,,126814.27,SUPER,SUPER-PAY-20251010-EMP-BEN-BUILDER
099999123453,10/10/2025,SUPER CLEARING HOUSE Amara Engineer PAY-20251010-EMP-AMARA-ENGINEER,207.69,,126957.20,SUPER,SUPER-PAY-20251010-EMP-AMARA-ENGINEER
099999123453,10/10/2025,PAYROLL NET WAGE Nina Sales Representative PAY-20251010-EMP-NINA-SALES,906.90,,127164.89,PAYROLL,PAYNET-PAY-20251010-EMP-NINA-SALES
099999123453,10/10/2025,PAYROLL NET WAGE Grace High Income QA PAY-20251010-EMP-GRACE-HIG,2470.54,,128071.79,PAYROLL,PAYNET-PAY-20251010-EMP-GRACE-HIG
099999123453,10/10/2025,PAYROLL NET WAGE Ben Builder PAY-20251010-EMP-BEN-BUILDER,987.10,,130542.33,PAYROLL,PAYNET-PAY-20251010-EMP-BEN-BUILDER
099999123453,10/10/2025,PAYROLL NET WAGE Amara Engineer PAY-20251010-EMP-AMARA-ENGINEER,1353.77,,131529.43,PAYROLL,PAYNET-PAY-20251010-EMP-AMARA-ENGINEER
099999123453,10/10/2025,PAYG WITHHOLDING REMITTANCE ATO Nina Sales Representative PAY-20251010-EMP-NINA-SALES,165.00,,132883.20,PAYROLL_TAX,PAYG-PAY-20251010-EMP-NINA-SALES
099999123453,10/10/2025,PAYG WITHHOLDING REMITTANCE ATO Grace High Income QA PAY-20251010-EMP-GRACE-HIG,991.00,,133048.20,PAYROLL_TAX,PAYG-PAY-20251010-EMP-GRACE-HIG
099999123453,10/10/2025,PAYG WITHHOLDING REMITTANCE ATO Ben Builder PAY-20251010-EMP-BEN-BUILDER,204.00,,134039.20,PAYROLL_TAX,PAYG-PAY-20251010-EMP-BEN-BUILDER
099999123453,10/10/2025,PAYG WITHHOLDING REMITTANCE ATO Amara Engineer PAY-20251010-EMP-AMARA-ENGINEER,377.00,,134243.20,PAYROLL_TAX,PAYG-PAY-20251010-EMP-AMARA-ENGINEER
099999123453,04/10/2025,WITHDRAWAL-OSKO PAYMENT Bank BANKFEE-202509,35.00,,134620.20,PAYMENT,BTP-000012
099999123453,03/10/2025,SUPER CLEARING HOUSE Nina Sales Representative PAY-20251003-EMP-NINA-SALES,272.63,,134655.20,SUPER,SUPER-PAY-20251003-EMP-NINA-SALES
099999123453,03/10/2025,SUPER CLEARING HOUSE Grace High Income QA PAY-20251003-EMP-GRACE-HIG,415.38,,134927.83,SUPER,SUPER-PAY-20251003-EMP-GRACE-HIG
099999123453,03/10/2025,SUPER CLEARING HOUSE Ben Builder PAY-20251003-EMP-BEN-BUILDER,140.65,,135343.21,SUPER,SUPER-PAY-20251003-EMP-BEN-BUILDER
099999123453,03/10/2025,SUPER CLEARING HOUSE Amara Engineer PAY-20251003-EMP-AMARA-ENGINEER,207.69,,135483.86,SUPER,SUPER-PAY-20251003-EMP-AMARA-ENGINEER
099999123453,03/10/2025,PAYROLL NET WAGE Nina Sales Representative PAY-20251003-EMP-NINA-SALES,1721.90,,135691.55,PAYROLL,PAYNET-PAY-20251003-EMP-NINA-SALES
099999123453,03/10/2025,PAYROLL NET WAGE Grace High Income QA PAY-20251003-EMP-GRACE-HIG,2470.54,,137413.45,PAYROLL,PAYNET-PAY-20251003-EMP-GRACE-HIG
099999123453,03/10/2025,PAYROLL NET WAGE Ben Builder PAY-20251003-EMP-BEN-BUILDER,974.10,,139883.99,PAYROLL,PAYNET-PAY-20251003-EMP-BEN-BUILDER
099999123453,03/10/2025,PAYROLL NET WAGE Amara Engineer PAY-20251003-EMP-AMARA-ENGINEER,1353.77,,140858.09,PAYROLL,PAYNET-PAY-20251003-EMP-AMARA-ENGINEER
099999123453,03/10/2025,PAYG WITHHOLDING REMITTANCE ATO Nina Sales Representative PAY-20251003-EMP-NINA-SALES,550.00,,142211.86,PAYROLL_TAX,PAYG-PAY-20251003-EMP-NINA-SALES
099999123453,03/10/2025,PAYG WITHHOLDING REMITTANCE ATO Grace High Income QA PAY-20251003-EMP-GRACE-HIG,991.00,,142761.86,PAYROLL_TAX,PAYG-PAY-20251003-EMP-GRACE-HIG
099999123453,03/10/2025,PAYG WITHHOLDING REMITTANCE ATO Ben Builder PAY-20251003-EMP-BEN-BUILDER,198.00,,143752.86,PAYROLL_TAX,PAYG-PAY-20251003-EMP-BEN-BUILDER
099999123453,03/10/2025,PAYG WITHHOLDING REMITTANCE ATO Amara Engineer PAY-20251003-EMP-AMARA-ENGINEER,377.00,,143950.86,PAYROLL_TAX,PAYG-PAY-20251003-EMP-AMARA-ENGINEER
099999123453,26/09/2025,SUPER CLEARING HOUSE Nina Sales Representative PAY-20250926-EMP-NINA-SALES,128.63,,144327.86,SUPER,SUPER-PAY-20250926-EMP-NINA-SALES
099999123453,26/09/2025,SUPER CLEARING HOUSE Grace High Income QA PAY-20250926-EMP-GRACE-HIG,415.38,,144456.49,SUPER,SUPER-PAY-20250926-EMP-GRACE-HIG
099999123453,26/09/2025,SUPER CLEARING HOUSE Ben Builder PAY-20250926-EMP-BEN-BUILDER,140.65,,144871.87,SUPER,SUPER-PAY-20250926-EMP-BEN-BUILDER
099999123453,26/09/2025,SUPER CLEARING HOUSE Amara Engineer PAY-20250926-EMP-AMARA-ENGINEER,207.69,,145012.52,SUPER,SUPER-PAY-20250926-EMP-AMARA-ENGINEER
099999123453,26/09/2025,PAYROLL NET WAGE Nina Sales Representative PAY-20250926-EMP-NINA-SALES,906.90,,145220.21,PAYROLL,PAYNET-PAY-20250926-EMP-NINA-SALES
099999123453,26/09/2025,PAYROLL NET WAGE Grace High Income QA PAY-20250926-EMP-GRACE-HIG,2470.54,,146127.11,PAYROLL,PAYNET-PAY-20250926-EMP-GRACE-HIG
099999123453,26/09/2025,PAYROLL NET WAGE Ben Builder PAY-20250926-EMP-BEN-BUILDER,974.10,,148597.65,PAYROLL,PAYNET-PAY-20250926-EMP-BEN-BUILDER
099999123453,26/09/2025,PAYROLL NET WAGE Amara Engineer PAY-20250926-EMP-AMARA-ENGINEER,1353.77,,149571.75,PAYROLL,PAYNET-PAY-20250926-EMP-AMARA-ENGINEER
099999123453,26/09/2025,PAYG WITHHOLDING REMITTANCE ATO Nina Sales Representative PAY-20250926-EMP-NINA-SALES,165.00,,150925.52,PAYROLL_TAX,PAYG-PAY-20250926-EMP-NINA-SALES
099999123453,26/09/2025,PAYG WITHHOLDING REMITTANCE ATO Grace High Income QA PAY-20250926-EMP-GRACE-HIG,991.00,,151090.52,PAYROLL_TAX,PAYG-PAY-20250926-EMP-GRACE-HIG
099999123453,26/09/2025,PAYG WITHHOLDING REMITTANCE ATO Ben Builder PAY-20250926-EMP-BEN-BUILDER,198.00,,152081.52,PAYROLL_TAX,PAYG-PAY-20250926-EMP-BEN-BUILDER
099999123453,26/09/2025,PAYG WITHHOLDING REMITTANCE ATO Amara Engineer PAY-20250926-EMP-AMARA-ENGINEER,377.00,,152279.52,PAYROLL_TAX,PAYG-PAY-20250926-EMP-AMARA-ENGINEER
099999123453,25/09/2025,WITHDRAWAL-OSKO PAYMENT Liam Surveying Contractors Pty Ltd CONTRACT-202509,3520.00,,152656.52,PAYMENT,BTP-000011
099999123453,22/09/2025,WITHDRAWAL-OSKO PAYMENT Cloud Software Vendors SOFT-202509,1595.00,,156176.52,PAYMENT,BTP-000010
099999123453,19/09/2025,SUPER CLEARING HOUSE Nina Sales Representative PAY-20250919-EMP-NINA-SALES,128.63,,157771.52,SUPER,SUPER-PAY-20250919-EMP-NINA-SALES
099999123453,19/09/2025,SUPER CLEARING HOUSE Grace High Income QA PAY-20250919-EMP-GRACE-HIG,415.38,,157900.15,SUPER,SUPER-PAY-20250919-EMP-GRACE-HIG
099999123453,19/09/2025,SUPER CLEARING HOUSE Ben Builder PAY-20250919-EMP-BEN-BUILDER,140.65,,158315.53,SUPER,SUPER-PAY-20250919-EMP-BEN-BUILDER
099999123453,19/09/2025,SUPER CLEARING HOUSE Amara Engineer PAY-20250919-EMP-AMARA-ENGINEER,207.69,,158456.18,SUPER,SUPER-PAY-20250919-EMP-AMARA-ENGINEER
099999123453,19/09/2025,PAYROLL NET WAGE Nina Sales Representative PAY-20250919-EMP-NINA-SALES,906.90,,158663.87,PAYROLL,PAYNET-PAY-20250919-EMP-NINA-SALES
099999123453,19/09/2025,PAYROLL NET WAGE Grace High Income QA PAY-20250919-EMP-GRACE-HIG,2470.54,,159570.77,PAYROLL,PAYNET-PAY-20250919-EMP-GRACE-HIG
099999123453,19/09/2025,PAYROLL NET WAGE Ben Builder PAY-20250919-EMP-BEN-BUILDER,974.10,,162041.31,PAYROLL,PAYNET-PAY-20250919-EMP-BEN-BUILDER
099999123453,19/09/2025,PAYROLL NET WAGE Amara Engineer PAY-20250919-EMP-AMARA-ENGINEER,1353.77,,163015.41,PAYROLL,PAYNET-PAY-20250919-EMP-AMARA-ENGINEER
099999123453,19/09/2025,PAYG WITHHOLDING REMITTANCE ATO Nina Sales Representative PAY-20250919-EMP-NINA-SALES,165.00,,164369.18,PAYROLL_TAX,PAYG-PAY-20250919-EMP-NINA-SALES
099999123453,19/09/2025,PAYG WITHHOLDING REMITTANCE ATO Grace High Income QA PAY-20250919-EMP-GRACE-HIG,991.00,,164534.18,PAYROLL_TAX,PAYG-PAY-20250919-EMP-GRACE-HIG
099999123453,19/09/2025,PAYG WITHHOLDING REMITTANCE ATO Ben Builder PAY-20250919-EMP-BEN-BUILDER,198.00,,165525.18,PAYROLL_TAX,PAYG-PAY-20250919-EMP-BEN-BUILDER
099999123453,19/09/2025,PAYG WITHHOLDING REMITTANCE ATO Amara Engineer PAY-20250919-EMP-AMARA-ENGINEER,377.00,,165723.18,PAYROLL_TAX,PAYG-PAY-20250919-EMP-AMARA-ENGINEER
099999123453,18/09/2025,DEPOSIT OSKO PAYMENT Project Client A INV-003,,84425.00,166100.18,DEP,BTR-000003
099999123453,16/09/2025,WITHDRAWAL-OSKO PAYMENT Harbour Property Trust RENT-202509,10120.00,,81675.18,PAYMENT,BTP-000009
099999123453,12/09/2025,SUPER CLEARING HOUSE Nina Sales Representative PAY-20250912-EMP-NINA-SALES,128.63,,91795.18,SUPER,SUPER-PAY-20250912-EMP-NINA-SALES
099999123453,12/09/2025,SUPER CLEARING HOUSE Grace High Income QA PAY-20250912-EMP-GRACE-HIG,415.38,,91923.81,SUPER,SUPER-PAY-20250912-EMP-GRACE-HIG
099999123453,12/09/2025,SUPER CLEARING HOUSE Ben Builder PAY-20250912-EMP-BEN-BUILDER,140.65,,92339.19,SUPER,SUPER-PAY-20250912-EMP-BEN-BUILDER
099999123453,12/09/2025,SUPER CLEARING HOUSE Amara Engineer PAY-20250912-EMP-AMARA-ENGINEER,207.69,,92479.84,SUPER,SUPER-PAY-20250912-EMP-AMARA-ENGINEER
099999123453,12/09/2025,PAYROLL NET WAGE Nina Sales Representative PAY-20250912-EMP-NINA-SALES,906.90,,92687.53,PAYROLL,PAYNET-PAY-20250912-EMP-NINA-SALES
099999123453,12/09/2025,PAYROLL NET WAGE Grace High Income QA PAY-20250912-EMP-GRACE-HIG,2470.54,,93594.43,PAYROLL,PAYNET-PAY-20250912-EMP-GRACE-HIG
099999123453,12/09/2025,PAYROLL NET WAGE Ben Builder PAY-20250912-EMP-BEN-BUILDER,974.10,,96064.97,PAYROLL,PAYNET-PAY-20250912-EMP-BEN-BUILDER
099999123453,12/09/2025,PAYROLL NET WAGE Amara Engineer PAY-20250912-EMP-AMARA-ENGINEER,1353.77,,97039.07,PAYROLL,PAYNET-PAY-20250912-EMP-AMARA-ENGINEER
099999123453,12/09/2025,PAYG WITHHOLDING REMITTANCE ATO Nina Sales Representative PAY-20250912-EMP-NINA-SALES,165.00,,98392.84,PAYROLL_TAX,PAYG-PAY-20250912-EMP-NINA-SALES
099999123453,12/09/2025,PAYG WITHHOLDING REMITTANCE ATO Grace High Income QA PAY-20250912-EMP-GRACE-HIG,991.00,,98557.84,PAYROLL_TAX,PAYG-PAY-20250912-EMP-GRACE-HIG
099999123453,12/09/2025,PAYG WITHHOLDING REMITTANCE ATO Ben Builder PAY-20250912-EMP-BEN-BUILDER,198.00,,99548.84,PAYROLL_TAX,PAYG-PAY-20250912-EMP-BEN-BUILDER
099999123453,12/09/2025,PAYG WITHHOLDING REMITTANCE ATO Amara Engineer PAY-20250912-EMP-AMARA-ENGINEER,377.00,,99746.84,PAYROLL_TAX,PAYG-PAY-20250912-EMP-AMARA-ENGINEER
099999123453,05/09/2025,SUPER CLEARING HOUSE Nina Sales Representative PAY-20250905-EMP-NINA-SALES,272.63,,100123.84,SUPER,SUPER-PAY-20250905-EMP-NINA-SALES
099999123453,05/09/2025,SUPER CLEARING HOUSE Grace High Income QA PAY-20250905-EMP-GRACE-HIG,415.38,,100396.47,SUPER,SUPER-PAY-20250905-EMP-GRACE-HIG
099999123453,05/09/2025,SUPER CLEARING HOUSE Ben Builder PAY-20250905-EMP-BEN-BUILDER,142.93,,100811.85,SUPER,SUPER-PAY-20250905-EMP-BEN-BUILDER
099999123453,05/09/2025,SUPER CLEARING HOUSE Amara Engineer PAY-20250905-EMP-AMARA-ENGINEER,207.69,,100954.78,SUPER,SUPER-PAY-20250905-EMP-AMARA-ENGINEER
099999123453,05/09/2025,PAYROLL NET WAGE Nina Sales Representative PAY-20250905-EMP-NINA-SALES,1721.90,,101162.47,PAYROLL,PAYNET-PAY-20250905-EMP-NINA-SALES
099999123453,05/09/2025,PAYROLL NET WAGE Grace High Income QA PAY-20250905-EMP-GRACE-HIG,2470.54,,102884.37,PAYROLL,PAYNET-PAY-20250905-EMP-GRACE-HIG
099999123453,05/09/2025,PAYROLL NET WAGE Ben Builder PAY-20250905-EMP-BEN-BUILDER,987.10,,105354.91,PAYROLL,PAYNET-PAY-20250905-EMP-BEN-BUILDER
099999123453,05/09/2025,PAYROLL NET WAGE Amara Engineer PAY-20250905-EMP-AMARA-ENGINEER,1353.77,,106342.01,PAYROLL,PAYNET-PAY-20250905-EMP-AMARA-ENGINEER
099999123453,05/09/2025,PAYG WITHHOLDING REMITTANCE ATO Nina Sales Representative PAY-20250905-EMP-NINA-SALES,550.00,,107695.78,PAYROLL_TAX,PAYG-PAY-20250905-EMP-NINA-SALES
099999123453,05/09/2025,PAYG WITHHOLDING REMITTANCE ATO Grace High Income QA PAY-20250905-EMP-GRACE-HIG,991.00,,108245.78,PAYROLL_TAX,PAYG-PAY-20250905-EMP-GRACE-HIG
099999123453,05/09/2025,PAYG WITHHOLDING REMITTANCE ATO Ben Builder PAY-20250905-EMP-BEN-BUILDER,204.00,,109236.78,PAYROLL_TAX,PAYG-PAY-20250905-EMP-BEN-BUILDER
099999123453,05/09/2025,PAYG WITHHOLDING REMITTANCE ATO Amara Engineer PAY-20250905-EMP-AMARA-ENGINEER,377.00,,109440.78,PAYROLL_TAX,PAYG-PAY-20250905-EMP-AMARA-ENGINEER
099999123453,03/09/2025,WITHDRAWAL-OSKO PAYMENT Bank BANKFEE-202508,35.00,,109817.78,PAYMENT,BTP-000008
099999123453,29/08/2025,SUPER CLEARING HOUSE Nina Sales Representative PAY-20250829-EMP-NINA-SALES,128.63,,109852.78,SUPER,SUPER-PAY-20250829-EMP-NINA-SALES
099999123453,29/08/2025,SUPER CLEARING HOUSE Grace High Income QA PAY-20250829-EMP-GRACE-HIG,415.38,,109981.41,SUPER,SUPER-PAY-20250829-EMP-GRACE-HIG
099999123453,29/08/2025,SUPER CLEARING HOUSE Ben Builder PAY-20250829-EMP-BEN-BUILDER,140.65,,110396.79,SUPER,SUPER-PAY-20250829-EMP-BEN-BUILDER
099999123453,29/08/2025,SUPER CLEARING HOUSE Amara Engineer PAY-20250829-EMP-AMARA-ENGINEER,207.69,,110537.44,SUPER,SUPER-PAY-20250829-EMP-AMARA-ENGINEER
099999123453,29/08/2025,PAYROLL NET WAGE Nina Sales Representative PAY-20250829-EMP-NINA-SALES,906.90,,110745.13,PAYROLL,PAYNET-PAY-20250829-EMP-NINA-SALES
099999123453,29/08/2025,PAYROLL NET WAGE Grace High Income QA PAY-20250829-EMP-GRACE-HIG,2470.54,,111652.03,PAYROLL,PAYNET-PAY-20250829-EMP-GRACE-HIG
099999123453,29/08/2025,PAYROLL NET WAGE Ben Builder PAY-20250829-EMP-BEN-BUILDER,974.10,,114122.57,PAYROLL,PAYNET-PAY-20250829-EMP-BEN-BUILDER
099999123453,29/08/2025,PAYROLL NET WAGE Amara Engineer PAY-20250829-EMP-AMARA-ENGINEER,1353.77,,115096.67,PAYROLL,PAYNET-PAY-20250829-EMP-AMARA-ENGINEER
099999123453,29/08/2025,PAYG WITHHOLDING REMITTANCE ATO Nina Sales Representative PAY-20250829-EMP-NINA-SALES,165.00,,116450.44,PAYROLL_TAX,PAYG-PAY-20250829-EMP-NINA-SALES
099999123453,29/08/2025,PAYG WITHHOLDING REMITTANCE ATO Grace High Income QA PAY-20250829-EMP-GRACE-HIG,991.00,,116615.44,PAYROLL_TAX,PAYG-PAY-20250829-EMP-GRACE-HIG
099999123453,29/08/2025,PAYG WITHHOLDING REMITTANCE ATO Ben Builder PAY-20250829-EMP-BEN-BUILDER,198.00,,117606.44,PAYROLL_TAX,PAYG-PAY-20250829-EMP-BEN-BUILDER
099999123453,29/08/2025,PAYG WITHHOLDING REMITTANCE ATO Amara Engineer PAY-20250829-EMP-AMARA-ENGINEER,377.00,,117804.44,PAYROLL_TAX,PAYG-PAY-20250829-EMP-AMARA-ENGINEER
099999123453,25/08/2025,WITHDRAWAL-OSKO PAYMENT Liam Surveying Contractors Pty Ltd CONTRACT-202508,3520.00,,118181.44,PAYMENT,BTP-000007
099999123453,22/08/2025,SUPER CLEARING HOUSE Nina Sales Representative PAY-20250822-EMP-NINA-SALES,128.63,,121701.44,SUPER,SUPER-PAY-20250822-EMP-NINA-SALES
099999123453,22/08/2025,SUPER CLEARING HOUSE Grace High Income QA PAY-20250822-EMP-GRACE-HIG,415.38,,121830.07,SUPER,SUPER-PAY-20250822-EMP-GRACE-HIG
099999123453,22/08/2025,SUPER CLEARING HOUSE Ben Builder PAY-20250822-EMP-BEN-BUILDER,140.65,,122245.45,SUPER,SUPER-PAY-20250822-EMP-BEN-BUILDER
099999123453,22/08/2025,SUPER CLEARING HOUSE Amara Engineer PAY-20250822-EMP-AMARA-ENGINEER,207.69,,122386.10,SUPER,SUPER-PAY-20250822-EMP-AMARA-ENGINEER
099999123453,22/08/2025,PAYROLL NET WAGE Nina Sales Representative PAY-20250822-EMP-NINA-SALES,906.90,,122593.79,PAYROLL,PAYNET-PAY-20250822-EMP-NINA-SALES
099999123453,22/08/2025,PAYROLL NET WAGE Grace High Income QA PAY-20250822-EMP-GRACE-HIG,2470.54,,123500.69,PAYROLL,PAYNET-PAY-20250822-EMP-GRACE-HIG
099999123453,22/08/2025,PAYROLL NET WAGE Ben Builder PAY-20250822-EMP-BEN-BUILDER,974.10,,125971.23,PAYROLL,PAYNET-PAY-20250822-EMP-BEN-BUILDER
099999123453,22/08/2025,PAYROLL NET WAGE Amara Engineer PAY-20250822-EMP-AMARA-ENGINEER,1353.77,,126945.33,PAYROLL,PAYNET-PAY-20250822-EMP-AMARA-ENGINEER
099999123453,22/08/2025,PAYG WITHHOLDING REMITTANCE ATO Nina Sales Representative PAY-20250822-EMP-NINA-SALES,165.00,,128299.10,PAYROLL_TAX,PAYG-PAY-20250822-EMP-NINA-SALES
099999123453,22/08/2025,PAYG WITHHOLDING REMITTANCE ATO Grace High Income QA PAY-20250822-EMP-GRACE-HIG,991.00,,128464.10,PAYROLL_TAX,PAYG-PAY-20250822-EMP-GRACE-HIG
099999123453,22/08/2025,PAYG WITHHOLDING REMITTANCE ATO Ben Builder PAY-20250822-EMP-BEN-BUILDER,198.00,,129455.10,PAYROLL_TAX,PAYG-PAY-20250822-EMP-BEN-BUILDER
099999123453,22/08/2025,PAYG WITHHOLDING REMITTANCE ATO Amara Engineer PAY-20250822-EMP-AMARA-ENGINEER,377.00,,129653.10,PAYROLL_TAX,PAYG-PAY-20250822-EMP-AMARA-ENGINEER
099999123453,22/08/2025,WITHDRAWAL-OSKO PAYMENT Cloud Software Vendors SOFT-202508,1595.00,,130030.10,PAYMENT,BTP-000006
099999123453,18/08/2025,DEPOSIT OSKO PAYMENT Project Client C INV-002,,84150.00,131625.10,DEP,BTR-000002
099999123453,16/08/2025,WITHDRAWAL-OSKO PAYMENT Harbour Property Trust RENT-202508,10120.00,,47475.10,PAYMENT,BTP-000005
099999123453,15/08/2025,SUPER CLEARING HOUSE Nina Sales Representative PAY-20250815-EMP-NINA-SALES,128.63,,57595.10,SUPER,SUPER-PAY-20250815-EMP-NINA-SALES
099999123453,15/08/2025,SUPER CLEARING HOUSE Grace High Income QA PAY-20250815-EMP-GRACE-HIG,415.38,,57723.73,SUPER,SUPER-PAY-20250815-EMP-GRACE-HIG
099999123453,15/08/2025,SUPER CLEARING HOUSE Ben Builder PAY-20250815-EMP-BEN-BUILDER,140.65,,58139.11,SUPER,SUPER-PAY-20250815-EMP-BEN-BUILDER
099999123453,15/08/2025,SUPER CLEARING HOUSE Amara Engineer PAY-20250815-EMP-AMARA-ENGINEER,207.69,,58279.76,SUPER,SUPER-PAY-20250815-EMP-AMARA-ENGINEER
099999123453,15/08/2025,PAYROLL NET WAGE Nina Sales Representative PAY-20250815-EMP-NINA-SALES,906.90,,58487.45,PAYROLL,PAYNET-PAY-20250815-EMP-NINA-SALES
099999123453,15/08/2025,PAYROLL NET WAGE Grace High Income QA PAY-20250815-EMP-GRACE-HIG,2470.54,,59394.35,PAYROLL,PAYNET-PAY-20250815-EMP-GRACE-HIG
099999123453,15/08/2025,PAYROLL NET WAGE Ben Builder PAY-20250815-EMP-BEN-BUILDER,974.10,,61864.89,PAYROLL,PAYNET-PAY-20250815-EMP-BEN-BUILDER
099999123453,15/08/2025,PAYROLL NET WAGE Amara Engineer PAY-20250815-EMP-AMARA-ENGINEER,1353.77,,62838.99,PAYROLL,PAYNET-PAY-20250815-EMP-AMARA-ENGINEER
099999123453,15/08/2025,PAYG WITHHOLDING REMITTANCE ATO Nina Sales Representative PAY-20250815-EMP-NINA-SALES,165.00,,64192.76,PAYROLL_TAX,PAYG-PAY-20250815-EMP-NINA-SALES
099999123453,15/08/2025,PAYG WITHHOLDING REMITTANCE ATO Grace High Income QA PAY-20250815-EMP-GRACE-HIG,991.00,,64357.76,PAYROLL_TAX,PAYG-PAY-20250815-EMP-GRACE-HIG
099999123453,15/08/2025,PAYG WITHHOLDING REMITTANCE ATO Ben Builder PAY-20250815-EMP-BEN-BUILDER,198.00,,65348.76,PAYROLL_TAX,PAYG-PAY-20250815-EMP-BEN-BUILDER
099999123453,15/08/2025,PAYG WITHHOLDING REMITTANCE ATO Amara Engineer PAY-20250815-EMP-AMARA-ENGINEER,377.00,,65546.76,PAYROLL_TAX,PAYG-PAY-20250815-EMP-AMARA-ENGINEER
099999123453,08/08/2025,SUPER CLEARING HOUSE Nina Sales Representative PAY-20250808-EMP-NINA-SALES,128.63,,65923.76,SUPER,SUPER-PAY-20250808-EMP-NINA-SALES
099999123453,08/08/2025,SUPER CLEARING HOUSE Grace High Income QA PAY-20250808-EMP-GRACE-HIG,415.38,,66052.39,SUPER,SUPER-PAY-20250808-EMP-GRACE-HIG
099999123453,08/08/2025,SUPER CLEARING HOUSE Ben Builder PAY-20250808-EMP-BEN-BUILDER,140.65,,66467.77,SUPER,SUPER-PAY-20250808-EMP-BEN-BUILDER
099999123453,08/08/2025,SUPER CLEARING HOUSE Amara Engineer PAY-20250808-EMP-AMARA-ENGINEER,207.69,,66608.42,SUPER,SUPER-PAY-20250808-EMP-AMARA-ENGINEER
099999123453,08/08/2025,PAYROLL NET WAGE Nina Sales Representative PAY-20250808-EMP-NINA-SALES,906.90,,66816.11,PAYROLL,PAYNET-PAY-20250808-EMP-NINA-SALES
099999123453,08/08/2025,PAYROLL NET WAGE Grace High Income QA PAY-20250808-EMP-GRACE-HIG,2470.54,,67723.01,PAYROLL,PAYNET-PAY-20250808-EMP-GRACE-HIG
099999123453,08/08/2025,PAYROLL NET WAGE Ben Builder PAY-20250808-EMP-BEN-BUILDER,974.10,,70193.55,PAYROLL,PAYNET-PAY-20250808-EMP-BEN-BUILDER
099999123453,08/08/2025,PAYROLL NET WAGE Amara Engineer PAY-20250808-EMP-AMARA-ENGINEER,1353.77,,71167.65,PAYROLL,PAYNET-PAY-20250808-EMP-AMARA-ENGINEER
099999123453,08/08/2025,PAYG WITHHOLDING REMITTANCE ATO Nina Sales Representative PAY-20250808-EMP-NINA-SALES,165.00,,72521.42,PAYROLL_TAX,PAYG-PAY-20250808-EMP-NINA-SALES
099999123453,08/08/2025,PAYG WITHHOLDING REMITTANCE ATO Grace High Income QA PAY-20250808-EMP-GRACE-HIG,991.00,,72686.42,PAYROLL_TAX,PAYG-PAY-20250808-EMP-GRACE-HIG
099999123453,08/08/2025,PAYG WITHHOLDING REMITTANCE ATO Ben Builder PAY-20250808-EMP-BEN-BUILDER,198.00,,73677.42,PAYROLL_TAX,PAYG-PAY-20250808-EMP-BEN-BUILDER
099999123453,08/08/2025,PAYG WITHHOLDING REMITTANCE ATO Amara Engineer PAY-20250808-EMP-AMARA-ENGINEER,377.00,,73875.42,PAYROLL_TAX,PAYG-PAY-20250808-EMP-AMARA-ENGINEER
099999123453,03/08/2025,WITHDRAWAL-OSKO PAYMENT Bank BANKFEE-202507,35.00,,74252.42,PAYMENT,BTP-000004
099999123453,01/08/2025,SUPER CLEARING HOUSE Nina Sales Representative PAY-20250801-EMP-NINA-SALES,272.63,,74287.42,SUPER,SUPER-PAY-20250801-EMP-NINA-SALES
099999123453,01/08/2025,SUPER CLEARING HOUSE Grace High Income QA PAY-20250801-EMP-GRACE-HIG,415.38,,74560.05,SUPER,SUPER-PAY-20250801-EMP-GRACE-HIG
099999123453,01/08/2025,SUPER CLEARING HOUSE Ben Builder PAY-20250801-EMP-BEN-BUILDER,142.93,,74975.43,SUPER,SUPER-PAY-20250801-EMP-BEN-BUILDER
099999123453,01/08/2025,SUPER CLEARING HOUSE Amara Engineer PAY-20250801-EMP-AMARA-ENGINEER,207.69,,75118.36,SUPER,SUPER-PAY-20250801-EMP-AMARA-ENGINEER
099999123453,01/08/2025,PAYROLL NET WAGE Nina Sales Representative PAY-20250801-EMP-NINA-SALES,1721.90,,75326.05,PAYROLL,PAYNET-PAY-20250801-EMP-NINA-SALES
099999123453,01/08/2025,PAYROLL NET WAGE Grace High Income QA PAY-20250801-EMP-GRACE-HIG,2470.54,,77047.95,PAYROLL,PAYNET-PAY-20250801-EMP-GRACE-HIG
099999123453,01/08/2025,PAYROLL NET WAGE Ben Builder PAY-20250801-EMP-BEN-BUILDER,987.10,,79518.49,PAYROLL,PAYNET-PAY-20250801-EMP-BEN-BUILDER
099999123453,01/08/2025,PAYROLL NET WAGE Amara Engineer PAY-20250801-EMP-AMARA-ENGINEER,1353.77,,80505.59,PAYROLL,PAYNET-PAY-20250801-EMP-AMARA-ENGINEER
099999123453,01/08/2025,PAYG WITHHOLDING REMITTANCE ATO Nina Sales Representative PAY-20250801-EMP-NINA-SALES,550.00,,81859.36,PAYROLL_TAX,PAYG-PAY-20250801-EMP-NINA-SALES
099999123453,01/08/2025,PAYG WITHHOLDING REMITTANCE ATO Grace High Income QA PAY-20250801-EMP-GRACE-HIG,991.00,,82409.36,PAYROLL_TAX,PAYG-PAY-20250801-EMP-GRACE-HIG
099999123453,01/08/2025,PAYG WITHHOLDING REMITTANCE ATO Ben Builder PAY-20250801-EMP-BEN-BUILDER,204.00,,83400.36,PAYROLL_TAX,PAYG-PAY-20250801-EMP-BEN-BUILDER
099999123453,01/08/2025,PAYG WITHHOLDING REMITTANCE ATO Amara Engineer PAY-20250801-EMP-AMARA-ENGINEER,377.00,,83604.36,PAYROLL_TAX,PAYG-PAY-20250801-EMP-AMARA-ENGINEER
099999123453,25/07/2025,SUPER CLEARING HOUSE Nina Sales Representative PAY-20250725-EMP-NINA-SALES,128.63,,83981.36,SUPER,SUPER-PAY-20250725-EMP-NINA-SALES
099999123453,25/07/2025,SUPER CLEARING HOUSE Grace High Income QA PAY-20250725-EMP-GRACE-HIG,415.38,,84109.99,SUPER,SUPER-PAY-20250725-EMP-GRACE-HIG
099999123453,25/07/2025,SUPER CLEARING HOUSE Ben Builder PAY-20250725-EMP-BEN-BUILDER,140.65,,84525.37,SUPER,SUPER-PAY-20250725-EMP-BEN-BUILDER
099999123453,25/07/2025,SUPER CLEARING HOUSE Amara Engineer PAY-20250725-EMP-AMARA-ENGINEER,207.69,,84666.02,SUPER,SUPER-PAY-20250725-EMP-AMARA-ENGINEER
099999123453,25/07/2025,PAYROLL NET WAGE Nina Sales Representative PAY-20250725-EMP-NINA-SALES,906.90,,84873.71,PAYROLL,PAYNET-PAY-20250725-EMP-NINA-SALES
099999123453,25/07/2025,PAYROLL NET WAGE Grace High Income QA PAY-20250725-EMP-GRACE-HIG,2470.54,,85780.61,PAYROLL,PAYNET-PAY-20250725-EMP-GRACE-HIG
099999123453,25/07/2025,PAYROLL NET WAGE Ben Builder PAY-20250725-EMP-BEN-BUILDER,974.10,,88251.15,PAYROLL,PAYNET-PAY-20250725-EMP-BEN-BUILDER
099999123453,25/07/2025,PAYROLL NET WAGE Amara Engineer PAY-20250725-EMP-AMARA-ENGINEER,1353.77,,89225.25,PAYROLL,PAYNET-PAY-20250725-EMP-AMARA-ENGINEER
099999123453,25/07/2025,PAYG WITHHOLDING REMITTANCE ATO Nina Sales Representative PAY-20250725-EMP-NINA-SALES,165.00,,90579.02,PAYROLL_TAX,PAYG-PAY-20250725-EMP-NINA-SALES
099999123453,25/07/2025,PAYG WITHHOLDING REMITTANCE ATO Grace High Income QA PAY-20250725-EMP-GRACE-HIG,991.00,,90744.02,PAYROLL_TAX,PAYG-PAY-20250725-EMP-GRACE-HIG
099999123453,25/07/2025,PAYG WITHHOLDING REMITTANCE ATO Ben Builder PAY-20250725-EMP-BEN-BUILDER,198.00,,91735.02,PAYROLL_TAX,PAYG-PAY-20250725-EMP-BEN-BUILDER
099999123453,25/07/2025,PAYG WITHHOLDING REMITTANCE ATO Amara Engineer PAY-20250725-EMP-AMARA-ENGINEER,377.00,,91933.02,PAYROLL_TAX,PAYG-PAY-20250725-EMP-AMARA-ENGINEER
099999123453,25/07/2025,WITHDRAWAL-OSKO PAYMENT Liam Surveying Contractors Pty Ltd CONTRACT-202507,3520.00,,92310.02,PAYMENT,BTP-000003
099999123453,22/07/2025,WITHDRAWAL-OSKO PAYMENT Cloud Software Vendors SOFT-202507,1595.00,,95830.02,PAYMENT,BTP-000002
099999123453,18/07/2025,SUPER CLEARING HOUSE Nina Sales Representative PAY-20250718-EMP-NINA-SALES,128.63,,97425.02,SUPER,SUPER-PAY-20250718-EMP-NINA-SALES
099999123453,18/07/2025,SUPER CLEARING HOUSE Grace High Income QA PAY-20250718-EMP-GRACE-HIG,415.38,,97553.65,SUPER,SUPER-PAY-20250718-EMP-GRACE-HIG
099999123453,18/07/2025,SUPER CLEARING HOUSE Ben Builder PAY-20250718-EMP-BEN-BUILDER,140.65,,97969.03,SUPER,SUPER-PAY-20250718-EMP-BEN-BUILDER
099999123453,18/07/2025,SUPER CLEARING HOUSE Amara Engineer PAY-20250718-EMP-AMARA-ENGINEER,207.69,,98109.68,SUPER,SUPER-PAY-20250718-EMP-AMARA-ENGINEER
099999123453,18/07/2025,PAYROLL NET WAGE Nina Sales Representative PAY-20250718-EMP-NINA-SALES,906.90,,98317.37,PAYROLL,PAYNET-PAY-20250718-EMP-NINA-SALES
099999123453,18/07/2025,PAYROLL NET WAGE Grace High Income QA PAY-20250718-EMP-GRACE-HIG,2470.54,,99224.27,PAYROLL,PAYNET-PAY-20250718-EMP-GRACE-HIG
099999123453,18/07/2025,PAYROLL NET WAGE Ben Builder PAY-20250718-EMP-BEN-BUILDER,974.10,,101694.81,PAYROLL,PAYNET-PAY-20250718-EMP-BEN-BUILDER
099999123453,18/07/2025,PAYROLL NET WAGE Amara Engineer PAY-20250718-EMP-AMARA-ENGINEER,1353.77,,102668.91,PAYROLL,PAYNET-PAY-20250718-EMP-AMARA-ENGINEER
099999123453,18/07/2025,PAYG WITHHOLDING REMITTANCE ATO Nina Sales Representative PAY-20250718-EMP-NINA-SALES,165.00,,104022.68,PAYROLL_TAX,PAYG-PAY-20250718-EMP-NINA-SALES
099999123453,18/07/2025,PAYG WITHHOLDING REMITTANCE ATO Grace High Income QA PAY-20250718-EMP-GRACE-HIG,991.00,,104187.68,PAYROLL_TAX,PAYG-PAY-20250718-EMP-GRACE-HIG
099999123453,18/07/2025,PAYG WITHHOLDING REMITTANCE ATO Ben Builder PAY-20250718-EMP-BEN-BUILDER,198.00,,105178.68,PAYROLL_TAX,PAYG-PAY-20250718-EMP-BEN-BUILDER
099999123453,18/07/2025,PAYG WITHHOLDING REMITTANCE ATO Amara Engineer PAY-20250718-EMP-AMARA-ENGINEER,377.00,,105376.68,PAYROLL_TAX,PAYG-PAY-20250718-EMP-AMARA-ENGINEER
099999123453,18/07/2025,DEPOSIT OSKO PAYMENT Project Client B INV-001,,83875.00,105753.68,DEP,BTR-000001
099999123453,16/07/2025,WITHDRAWAL-OSKO PAYMENT Harbour Property Trust RENT-202507,10120.00,,21878.68,PAYMENT,BTP-000001
099999123453,11/07/2025,SUPER CLEARING HOUSE Nina Sales Representative PAY-20250711-EMP-NINA-SALES,128.63,,31998.68,SUPER,SUPER-PAY-20250711-EMP-NINA-SALES
099999123453,11/07/2025,SUPER CLEARING HOUSE Grace High Income QA PAY-20250711-EMP-GRACE-HIG,415.38,,32127.31,SUPER,SUPER-PAY-20250711-EMP-GRACE-HIG
099999123453,11/07/2025,SUPER CLEARING HOUSE Ben Builder PAY-20250711-EMP-BEN-BUILDER,140.65,,32542.69,SUPER,SUPER-PAY-20250711-EMP-BEN-BUILDER
099999123453,11/07/2025,SUPER CLEARING HOUSE Amara Engineer PAY-20250711-EMP-AMARA-ENGINEER,207.69,,32683.34,SUPER,SUPER-PAY-20250711-EMP-AMARA-ENGINEER
099999123453,11/07/2025,PAYROLL NET WAGE Nina Sales Representative PAY-20250711-EMP-NINA-SALES,906.90,,32891.03,PAYROLL,PAYNET-PAY-20250711-EMP-NINA-SALES
099999123453,11/07/2025,PAYROLL NET WAGE Grace High Income QA PAY-20250711-EMP-GRACE-HIG,2470.54,,33797.93,PAYROLL,PAYNET-PAY-20250711-EMP-GRACE-HIG
099999123453,11/07/2025,PAYROLL NET WAGE Ben Builder PAY-20250711-EMP-BEN-BUILDER,974.10,,36268.47,PAYROLL,PAYNET-PAY-20250711-EMP-BEN-BUILDER
099999123453,11/07/2025,PAYROLL NET WAGE Amara Engineer PAY-20250711-EMP-AMARA-ENGINEER,1353.77,,37242.57,PAYROLL,PAYNET-PAY-20250711-EMP-AMARA-ENGINEER
099999123453,11/07/2025,PAYG WITHHOLDING REMITTANCE ATO Nina Sales Representative PAY-20250711-EMP-NINA-SALES,165.00,,38596.34,PAYROLL_TAX,PAYG-PAY-20250711-EMP-NINA-SALES
099999123453,11/07/2025,PAYG WITHHOLDING REMITTANCE ATO Grace High Income QA PAY-20250711-EMP-GRACE-HIG,991.00,,38761.34,PAYROLL_TAX,PAYG-PAY-20250711-EMP-GRACE-HIG
099999123453,11/07/2025,PAYG WITHHOLDING REMITTANCE ATO Ben Builder PAY-20250711-EMP-BEN-BUILDER,198.00,,39752.34,PAYROLL_TAX,PAYG-PAY-20250711-EMP-BEN-BUILDER
099999123453,11/07/2025,PAYG WITHHOLDING REMITTANCE ATO Amara Engineer PAY-20250711-EMP-AMARA-ENGINEER,377.00,,39950.34,PAYROLL_TAX,PAYG-PAY-20250711-EMP-AMARA-ENGINEER
099999123453,04/07/2025,SUPER CLEARING HOUSE Nina Sales Representative PAY-20250704-EMP-NINA-SALES,272.63,,40327.34,SUPER,SUPER-PAY-20250704-EMP-NINA-SALES
099999123453,04/07/2025,SUPER CLEARING HOUSE Grace High Income QA PAY-20250704-EMP-GRACE-HIG,415.38,,40599.97,SUPER,SUPER-PAY-20250704-EMP-GRACE-HIG
099999123453,04/07/2025,SUPER CLEARING HOUSE Ben Builder PAY-20250704-EMP-BEN-BUILDER,140.65,,41015.35,SUPER,SUPER-PAY-20250704-EMP-BEN-BUILDER
099999123453,04/07/2025,SUPER CLEARING HOUSE Amara Engineer PAY-20250704-EMP-AMARA-ENGINEER,207.69,,41156.00,SUPER,SUPER-PAY-20250704-EMP-AMARA-ENGINEER
099999123453,04/07/2025,PAYROLL NET WAGE Nina Sales Representative PAY-20250704-EMP-NINA-SALES,1721.90,,41363.69,PAYROLL,PAYNET-PAY-20250704-EMP-NINA-SALES
099999123453,04/07/2025,PAYROLL NET WAGE Grace High Income QA PAY-20250704-EMP-GRACE-HIG,2470.54,,43085.59,PAYROLL,PAYNET-PAY-20250704-EMP-GRACE-HIG
099999123453,04/07/2025,PAYROLL NET WAGE Ben Builder PAY-20250704-EMP-BEN-BUILDER,974.10,,45556.13,PAYROLL,PAYNET-PAY-20250704-EMP-BEN-BUILDER
099999123453,04/07/2025,PAYROLL NET WAGE Amara Engineer PAY-20250704-EMP-AMARA-ENGINEER,1353.77,,46530.23,PAYROLL,PAYNET-PAY-20250704-EMP-AMARA-ENGINEER
099999123453,04/07/2025,PAYG WITHHOLDING REMITTANCE ATO Nina Sales Representative PAY-20250704-EMP-NINA-SALES,550.00,,47884.00,PAYROLL_TAX,PAYG-PAY-20250704-EMP-NINA-SALES
099999123453,04/07/2025,PAYG WITHHOLDING REMITTANCE ATO Grace High Income QA PAY-20250704-EMP-GRACE-HIG,991.00,,48434.00,PAYROLL_TAX,PAYG-PAY-20250704-EMP-GRACE-HIG
099999123453,04/07/2025,PAYG WITHHOLDING REMITTANCE ATO Ben Builder PAY-20250704-EMP-BEN-BUILDER,198.00,,49425.00,PAYROLL_TAX,PAYG-PAY-20250704-EMP-BEN-BUILDER
099999123453,04/07/2025,PAYG WITHHOLDING REMITTANCE ATO Amara Engineer PAY-20250704-EMP-AMARA-ENGINEER,377.00,,49623.00,PAYROLL_TAX,PAYG-PAY-20250704-EMP-AMARA-ENGINEER
