Bank Account,Date,Narrative,Debit Amount,Credit Amount,Balance,Categories,Serial
099999123453,04/07/2026,WITHDRAWAL-OSKO PAYMENT Bank BANKFEE-202606,35.00,,430801.40,PAYMENT,BTP-000048
099999123453,26/06/2026,SUPER CLEARING HOUSE Nina Sales Representative PAY-20260626-EMP-NINA-SALES,128.63,,430836.40,SUPER,SUPER-PAY-20260626-EMP-NINA-SALES
099999123453,26/06/2026,SUPER CLEARING HOUSE Grace High Income QA PAY-20260626-EMP-GRACE-HIG,438.46,,430965.03,SUPER,SUPER-PAY-20260626-EMP-GRACE-HIG
099999123453,26/06/2026,SUPER CLEARING HOUSE Ben Builder PAY-20260626-EMP-BEN-BUILDER,140.65,,431403.49,SUPER,SUPER-PAY-20260626-EMP-BEN-BUILDER
099999123453,26/06/2026,SUPER CLEARING HOUSE Amara Engineer PAY-20260626-EMP-AMARA-ENGINEER,207.69,,431544.14,SUPER,SUPER-PAY-20260626-EMP-AMARA-ENGINEER
099999123453,26/06/2026,PAYROLL NET WAGE Nina Sales Representative PAY-20260626-EMP-NINA-SALES,896.90,,431751.83,PAYROLL,PAYNET-PAY-20260626-EMP-NINA-SALES
099999123453,26/06/2026,PAYROLL NET WAGE Grace High Income QA PAY-20260626-EMP-GRACE-HIG,2449.85,,432648.73,PAYROLL,PAYNET-PAY-20260626-EMP-GRACE-HIG
099999123453,26/06/2026,PAYROLL NET WAGE Ben Builder PAY-20260626-EMP-BEN-BUILDER,966.10,,435098.58,PAYROLL,PAYNET-PAY-20260626-EMP-BEN-BUILDER
099999123453,26/06/2026,PAYROLL NET WAGE Amara Engineer PAY-20260626-EMP-AMARA-ENGINEER,1326.77,,436064.68,PAYROLL,PAYNET-PAY-20260626-EMP-AMARA-ENGINEER
099999123453,26/06/2026,PAYG WITHHOLDING REMITTANCE ATO Nina Sales Representative PAY-20260626-EMP-NINA-SALES,175.00,,437391.45,PAYROLL_TAX,PAYG-PAY-20260626-EMP-NINA-SALES
099999123453,26/06/2026,PAYG WITHHOLDING REMITTANCE ATO Grace High Income QA PAY-20260626-EMP-GRACE-HIG,1204.00,,437566.45,PAYROLL_TAX,PAYG-PAY-20260626-EMP-GRACE-HIG
099999123453,26/06/2026,PAYG WITHHOLDING REMITTANCE ATO Ben Builder PAY-20260626-EMP-BEN-BUILDER,206.00,,438770.45,PAYROLL_TAX,PAYG-PAY-20260626-EMP-BEN-BUILDER
099999123453,26/06/2026,PAYG WITHHOLDING REMITTANCE ATO Amara Engineer PAY-20260626-EMP-AMARA-ENGINEER,404.00,,438976.45,PAYROLL_TAX,PAYG-PAY-20260626-EMP-AMARA-ENGINEER
099999123453,25/06/2026,WITHDRAWAL-OSKO PAYMENT Liam Surveying Contractors Pty Ltd CONTRACT-202606,3520.00,,439380.45,PAYMENT,BTP-000047
099999123453,22/06/2026,WITHDRAWAL-OSKO PAYMENT Cloud Software Vendors SOFT-202606,1595.00,,442900.45,PAYMENT,BTP-000046
099999123453,19/06/2026,SUPER CLEARING HOUSE Nina Sales Representative PAY-20260619-EMP-NINA-SALES,128.63,,444495.45,SUPER,SUPER-PAY-20260619-EMP-NINA-SALES
099999123453,19/06/2026,SUPER CLEARING HOUSE Grace High Income QA PAY-20260619-EMP-GRACE-HIG,438.46,,444624.08,SUPER,SUPER-PAY-20260619-EMP-GRACE-HIG
099999123453,19/06/2026,SUPER CLEARING HOUSE Ben Builder PAY-20260619-EMP-BEN-BUILDER,140.65,,445062.54,SUPER,SUPER-PAY-20260619-EMP-BEN-BUILDER
099999123453,19/06/2026,SUPER CLEARING HOUSE Amara Engineer PAY-20260619-EMP-AMARA-ENGINEER,207.69,,445203.19,SUPER,SUPER-PAY-20260619-EMP-AMARA-ENGINEER
099999123453,19/06/2026,PAYROLL NET WAGE Nina Sales Representative PAY-20260619-EMP-NINA-SALES,896.90,,445410.88,PAYROLL,PAYNET-PAY-20260619-EMP-NINA-SALES
099999123453,19/06/2026,PAYROLL NET WAGE Grace High Income QA PAY-20260619-EMP-GRACE-HIG,2449.85,,446307.78,PAYROLL,PAYNET-PAY-20260619-EMP-GRACE-HIG
099999123453,19/06/2026,PAYROLL NET WAGE Ben Builder PAY-20260619-EMP-BEN-BUILDER,966.10,,448757.63,PAYROLL,PAYNET-PAY-20260619-EMP-BEN-BUILDER
099999123453,19/06/2026,PAYROLL NET WAGE Amara Engineer PAY-20260619-EMP-AMARA-ENGINEER,1326.77,,449723.73,PAYROLL,PAYNET-PAY-20260619-EMP-AMARA-ENGINEER
099999123453,19/06/2026,PAYG WITHHOLDING REMITTANCE ATO Nina Sales Representative PAY-20260619-EMP-NINA-SALES,175.00,,451050.50,PAYROLL_TAX,PAYG-PAY-20260619-EMP-NINA-SALES
099999123453,19/06/2026,PAYG WITHHOLDING REMITTANCE ATO Grace High Income QA PAY-20260619-EMP-GRACE-HIG,1204.00,,451225.50,PAYROLL_TAX,PAYG-PAY-20260619-EMP-GRACE-HIG
099999123453,19/06/2026,PAYG WITHHOLDING REMITTANCE ATO Ben Builder PAY-20260619-EMP-BEN-BUILDER,206.00,,452429.50,PAYROLL_TAX,PAYG-PAY-20260619-EMP-BEN-BUILDER
099999123453,19/06/2026,PAYG WITHHOLDING REMITTANCE ATO Amara Engineer PAY-20260619-EMP-AMARA-ENGINEER,404.00,,452635.50,PAYROLL_TAX,PAYG-PAY-20260619-EMP-AMARA-ENGINEER
099999123453,18/06/2026,DEPOSIT OSKO PAYMENT Project Client A INV-012,,86900.00,453039.50,DEP,BTR-000012
099999123453,16/06/2026,WITHDRAWAL-OSKO PAYMENT Harbour Property Trust RENT-202606,10120.00,,366139.50,PAYMENT,BTP-000045
099999123453,12/06/2026,SUPER CLEARING HOUSE Nina Sales Representative PAY-20260612-EMP-NINA-SALES,128.63,,376259.50,SUPER,SUPER-PAY-20260612-EMP-NINA-SALES
099999123453,12/06/2026,SUPER CLEARING HOUSE Grace High Income QA PAY-20260612-EMP-GRACE-HIG,438.46,,376388.13,SUPER,SUPER-PAY-20260612-EMP-GRACE-HIG
099999123453,12/06/2026,SUPER CLEARING HOUSE Ben Builder PAY-20260612-EMP-BEN-BUILDER,140.65,,376826.59,SUPER,SUPER-PAY-20260612-EMP-BEN-BUILDER
099999123453,12/06/2026,SUPER CLEARING HOUSE Amara Engineer PAY-20260612-EMP-AMARA-ENGINEER,207.69,,376967.24,SUPER,SUPER-PAY-20260612-EMP-AMARA-ENGINEER
099999123453,12/06/2026,PAYROLL NET WAGE Nina Sales Representative PAY-20260612-EMP-NINA-SALES,896.90,,377174.93,PAYROLL,PAYNET-PAY-20260612-EMP-NINA-SALES
099999123453,12/06/2026,PAYROLL NET WAGE Grace High Income QA PAY-20260612-EMP-GRACE-HIG,2449.85,,378071.83,PAYROLL,PAYNET-PAY-20260612-EMP-GRACE-HIG
099999123453,12/06/2026,PAYROLL NET WAGE Ben Builder PAY-20260612-EMP-BEN-BUILDER,980.10,,380521.68,PAYROLL,PAYNET-PAY-20260612-EMP-BEN-BUILDER
099999123453,12/06/2026,PAYROLL NET WAGE Amara Engineer PAY-20260612-EMP-AMARA-ENGINEER,1326.77,,381501.78,PAYROLL,PAYNET-PAY-20260612-EMP-AMARA-ENGINEER
099999123453,12/06/2026,PAYG WITHHOLDING REMITTANCE ATO Nina Sales Representative PAY-20260612-EMP-NINA-SALES,175.00,,382828.55,PAYROLL_TAX,PAYG-PAY-20260612-EMP-NINA-SALES
099999123453,12/06/2026,PAYG WITHHOLDING REMITTANCE ATO Grace High Income QA PAY-20260612-EMP-GRACE-HIG,1204.00,,383003.55,PAYROLL_TAX,PAYG-PAY-20260612-EMP-GRACE-HIG
099999123453,12/06/2026,PAYG WITHHOLDING REMITTANCE ATO Ben Builder PAY-20260612-EMP-BEN-BUILDER,211.00,,384207.55,PAYROLL_TAX,PAYG-PAY-20260612-EMP-BEN-BUILDER
099999123453,12/06/2026,PAYG WITHHOLDING REMITTANCE ATO Amara Engineer PAY-20260612-EMP-AMARA-ENGINEER,404.00,,384418.55,PAYROLL_TAX,PAYG-PAY-20260612-EMP-AMARA-ENGINEER
099999123453,05/06/2026,SUPER CLEARING HOUSE Nina Sales Representative PAY-20260605-EMP-NINA-SALES,272.63,,384822.55,SUPER,SUPER-PAY-20260605-EMP-NINA-SALES
099999123453,05/06/2026,SUPER CLEARING HOUSE Grace High Income QA PAY-20260605-EMP-GRACE-HIG,438.46,,385095.18,SUPER,SUPER-PAY-20260605-EMP-GRACE-HIG
099999123453,05/06/2026,SUPER CLEARING HOUSE Ben Builder PAY-20260605-EMP-BEN-BUILDER,140.65,,385533.64,SUPER,SUPER-PAY-20260605-EMP-BEN-BUILDER
099999123453,05/06/2026,SUPER CLEARING HOUSE Amara Engineer PAY-20260605-EMP-AMARA-ENGINEER,207.69,,385674.29,SUPER,SUPER-PAY-20260605-EMP-AMARA-ENGINEER
099999123453,05/06/2026,PAYROLL NET WAGE Nina Sales Representative PAY-20260605-EMP-NINA-SALES,1666.90,,385881.98,PAYROLL,PAYNET-PAY-20260605-EMP-NINA-SALES
099999123453,05/06/2026,PAYROLL NET WAGE Grace High Income QA PAY-20260605-EMP-GRACE-HIG,2449.85,,387548.88,PAYROLL,PAYNET-PAY-20260605-EMP-GRACE-HIG
099999123453,05/06/2026,PAYROLL NET WAGE Ben Builder PAY-20260605-EMP-BEN-BUILDER,966.10,,389998.73,PAYROLL,PAYNET-PAY-20260605-EMP-BEN-BUILDER
099999123453,05/06/2026,PAYROLL NET WAGE Amara Engineer PAY-20260605-EMP-AMARA-ENGINEER,1326.77,,390964.83,PAYROLL,PAYNET-PAY-20260605-EMP-AMARA-ENGINEER
099999123453,05/06/2026,PAYG WITHHOLDING REMITTANCE ATO Nina Sales Representative PAY-20260605-EMP-NINA-SALES,605.00,,392291.60,PAYROLL_TAX,PAYG-PAY-20260605-EMP-NINA-SALES
099999123453,05/06/2026,PAYG WITHHOLDING REMITTANCE ATO Grace High Income QA PAY-20260605-EMP-GRACE-HIG,1204.00,,392896.60,PAYROLL_TAX,PAYG-PAY-20260605-EMP-GRACE-HIG
099999123453,05/06/2026,PAYG WITHHOLDING REMITTANCE ATO Ben Builder PAY-20260605-EMP-BEN-BUILDER,206.00,,394100.60,PAYROLL_TAX,PAYG-PAY-20260605-EMP-BEN-BUILDER
099999123453,05/06/2026,PAYG WITHHOLDING REMITTANCE ATO Amara Engineer PAY-20260605-EMP-AMARA-ENGINEER,404.00,,394306.60,PAYROLL_TAX,PAYG-PAY-20260605-EMP-AMARA-ENGINEER
099999123453,03/06/2026,WITHDRAWAL-OSKO PAYMENT Bank BANKFEE-202605,35.00,,394710.60,PAYMENT,BTP-000044
099999123453,29/05/2026,SUPER CLEARING HOUSE Nina Sales Representative PAY-20260529-EMP-NINA-SALES,128.63,,394745.60,SUPER,SUPER-PAY-20260529-EMP-NINA-SALES
099999123453,29/05/2026,SUPER CLEARING HOUSE Grace High Income QA PAY-20260529-EMP-GRACE-HIG,438.46,,394874.23,SUPER,SUPER-PAY-20260529-EMP-GRACE-HIG
099999123453,29/05/2026,SUPER CLEARING HOUSE Ben Builder PAY-20260529-EMP-BEN-BUILDER,140.65,,395312.69,SUPER,SUPER-PAY-20260529-EMP-BEN-BUILDER
099999123453,29/05/2026,SUPER CLEARING HOUSE Amara Engineer PAY-20260529-EMP-AMARA-ENGINEER,207.69,,395453.34,SUPER,SUPER-PAY-20260529-EMP-AMARA-ENGINEER
099999123453,29/05/2026,PAYROLL NET WAGE Nina Sales Representative PAY-20260529-EMP-NINA-SALES,896.90,,395661.03,PAYROLL,PAYNET-PAY-20260529-EMP-NINA-SALES
099999123453,29/05/2026,PAYROLL NET WAGE Grace High Income QA PAY-20260529-EMP-GRACE-HIG,2449.85,,396557.93,PAYROLL,PAYNET-PAY-20260529-EMP-GRACE-HIG
099999123453,29/05/2026,PAYROLL NET WAGE Ben Builder PAY-20260529-EMP-BEN-BUILDER,966.10,,399007.78,PAYROLL,PAYNET-PAY-20260529-EMP-BEN-BUILDER
099999123453,29/05/2026,PAYROLL NET WAGE Amara Engineer PAY-20260529-EMP-AMARA-ENGINEER,1326.77,,399973.88,PAYROLL,PAYNET-PAY-20260529-EMP-AMARA-ENGINEER
099999123453,29/05/2026,PAYG WITHHOLDING REMITTANCE ATO Nina Sales Representative PAY-20260529-EMP-NINA-SALES,175.00,,401300.65,PAYROLL_TAX,PAYG-PAY-20260529-EMP-NINA-SALES
099999123453,29/05/2026,PAYG WITHHOLDING REMITTANCE ATO Grace High Income QA PAY-20260529-EMP-GRACE-HIG,1204.00,,401475.65,PAYROLL_TAX,PAYG-PAY-20260529-EMP-GRACE-HIG
099999123453,29/05/2026,PAYG WITHHOLDING REMITTANCE ATO Ben Builder PAY-20260529-EMP-BEN-BUILDER,206.00,,402679.65,PAYROLL_TAX,PAYG-PAY-20260529-EMP-BEN-BUILDER
099999123453,29/05/2026,PAYG WITHHOLDING REMITTANCE ATO Amara Engineer PAY-20260529-EMP-AMARA-ENGINEER,404.00,,402885.65,PAYROLL_TAX,PAYG-PAY-20260529-EMP-AMARA-ENGINEER
099999123453,25/05/2026,WITHDRAWAL-OSKO PAYMENT Liam Surveying Contractors Pty Ltd CONTRACT-202605,3520.00,,403289.65,PAYMENT,BTP-000043
099999123453,22/05/2026,SUPER CLEARING HOUSE Nina Sales Representative PAY-20260522-EMP-NINA-SALES,128.63,,406809.65,SUPER,SUPER-PAY-20260522-EMP-NINA-SALES
099999123453,22/05/2026,SUPER CLEARING HOUSE Grace High Income QA PAY-20260522-EMP-GRACE-HIG,438.46,,406938.28,SUPER,SUPER-PAY-20260522-EMP-GRACE-HIG
099999123453,22/05/2026,SUPER CLEARING HOUSE Ben Builder PAY-20260522-EMP-BEN-BUILDER,140.65,,407376.74,SUPER,SUPER-PAY-20260522-EMP-BEN-BUILDER
099999123453,22/05/2026,SUPER CLEARING HOUSE Amara Engineer PAY-20260522-EMP-AMARA-ENGINEER,207.69,,407517.39,SUPER,SUPER-PAY-20260522-EMP-AMARA-ENGINEER
099999123453,22/05/2026,PAYROLL NET WAGE Nina Sales Representative PAY-20260522-EMP-NINA-SALES,896.90,,407725.08,PAYROLL,PAYNET-PAY-20260522-EMP-NINA-SALES
099999123453,22/05/2026,PAYROLL NET WAGE Grace High Income QA PAY-20260522-EMP-GRACE-HIG,2449.85,,408621.98,PAYROLL,PAYNET-PAY-20260522-EMP-GRACE-HIG
099999123453,22/05/2026,PAYROLL NET WAGE Ben Builder PAY-20260522-EMP-BEN-BUILDER,966.10,,411071.83,PAYROLL,PAYNET-PAY-20260522-EMP-BEN-BUILDER
099999123453,22/05/2026,PAYROLL NET WAGE Amara Engineer PAY-20260522-EMP-AMARA-ENGINEER,1326.77,,412037.93,PAYROLL,PAYNET-PAY-20260522-EMP-AMARA-ENGINEER
099999123453,22/05/2026,PAYG WITHHOLDING REMITTANCE ATO Nina Sales Representative PAY-20260522-EMP-NINA-SALES,175.00,,413364.70,PAYROLL_TAX,PAYG-PAY-20260522-EMP-NINA-SALES
099999123453,22/05/2026,PAYG WITHHOLDING REMITTANCE ATO Grace High Income QA PAY-20260522-EMP-GRACE-HIG,1204.00,,413539.70,PAYROLL_TAX,PAYG-PAY-20260522-EMP-GRACE-HIG
099999123453,22/05/2026,PAYG WITHHOLDING REMITTANCE ATO Ben Builder PAY-20260522-EMP-BEN-BUILDER,206.00,,414743.70,PAYROLL_TAX,PAYG-PAY-20260522-EMP-BEN-BUILDER
099999123453,22/05/2026,PAYG WITHHOLDING REMITTANCE ATO Amara Engineer PAY-20260522-EMP-AMARA-ENGINEER,404.00,,414949.70,PAYROLL_TAX,PAYG-PAY-20260522-EMP-AMARA-ENGINEER
099999123453,22/05/2026,WITHDRAWAL-OSKO PAYMENT Cloud Software Vendors SOFT-202605,1595.00,,415353.70,PAYMENT,BTP-000042
099999123453,18/05/2026,DEPOSIT OSKO PAYMENT Project Client C INV-011,,86625.00,416948.70,DEP,BTR-000011
099999123453,16/05/2026,WITHDRAWAL-OSKO PAYMENT Harbour Property Trust RENT-202605,10120.00,,330323.70,PAYMENT,BTP-000041
099999123453,15/05/2026,SUPER CLEARING HOUSE Nina Sales Representative PAY-20260515-EMP-NINA-SALES,128.63,,340443.70,SUPER,SUPER-PAY-20260515-EMP-NINA-SALES
099999123453,15/05/2026,SUPER CLEARING HOUSE Grace High Income QA PAY-20260515-EMP-GRACE-HIG,438.46,,340572.33,SUPER,SUPER-PAY-20260515-EMP-GRACE-HIG
099999123453,15/05/2026,SUPER CLEARING HOUSE Ben Builder PAY-20260515-EMP-BEN-BUILDER,140.65,,341010.79,SUPER,SUPER-PAY-20260515-EMP-BEN-BUILDER
099999123453,15/05/2026,SUPER CLEARING HOUSE Amara Engineer PAY-20260515-EMP-AMARA-ENGINEER,207.69,,341151.44,SUPER,SUPER-PAY-20260515-EMP-AMARA-ENGINEER
099999123453,15/05/2026,PAYROLL NET WAGE Nina Sales Representative PAY-20260515-EMP-NINA-SALES,896.90,,341359.13,PAYROLL,PAYNET-PAY-20260515-EMP-NINA-SALES
099999123453,15/05/2026,PAYROLL NET WAGE Grace High Income QA PAY-20260515-EMP-GRACE-HIG,2449.85,,342256.03,PAYROLL,PAYNET-PAY-20260515-EMP-GRACE-HIG
099999123453,15/05/2026,PAYROLL NET WAGE Ben Builder PAY-20260515-EMP-BEN-BUILDER,966.10,,344705.88,PAYROLL,PAYNET-PAY-20260515-EMP-BEN-BUILDER
099999123453,15/05/2026,PAYROLL NET WAGE Amara Engineer PAY-20260515-EMP-AMARA-ENGINEER,1326.77,,345671.98,PAYROLL,PAYNET-PAY-20260515-EMP-AMARA-ENGINEER
099999123453,15/05/2026,PAYG WITHHOLDING REMITTANCE ATO Nina Sales Representative PAY-20260515-EMP-NINA-SALES,175.00,,346998.75,PAYROLL_TAX,PAYG-PAY-20260515-EMP-NINA-SALES
099999123453,15/05/2026,PAYG WITHHOLDING REMITTANCE ATO Grace High Income QA PAY-20260515-EMP-GRACE-HIG,1204.00,,347173.75,PAYROLL_TAX,PAYG-PAY-20260515-EMP-GRACE-HIG
099999123453,15/05/2026,PAYG WITHHOLDING REMITTANCE ATO Ben Builder PAY-20260515-EMP-BEN-BUILDER,206.00,,348377.75,PAYROLL_TAX,PAYG-PAY-20260515-EMP-BEN-BUILDER
099999123453,15/05/2026,PAYG WITHHOLDING REMITTANCE ATO Amara Engineer PAY-20260515-EMP-AMARA-ENGINEER,404.00,,348583.75,PAYROLL_TAX,PAYG-PAY-20260515-EMP-AMARA-ENGINEER
099999123453,08/05/2026,SUPER CLEARING HOUSE Nina Sales Representative PAY-20260508-EMP-NINA-SALES,128.63,,348987.75,SUPER,SUPER-PAY-20260508-EMP-NINA-SALES
099999123453,08/05/2026,SUPER CLEARING HOUSE Grace High Income QA PAY-20260508-EMP-GRACE-HIG,438.46,,349116.38,SUPER,SUPER-PAY-20260508-EMP-GRACE-HIG
099999123453,08/05/2026,SUPER CLEARING HOUSE Ben Builder PAY-20260508-EMP-BEN-BUILDER,140.65,,349554.84,SUPER,SUPER-PAY-20260508-EMP-BEN-BUILDER
099999123453,08/05/2026,SUPER CLEARING HOUSE Amara Engineer PAY-20260508-EMP-AMARA-ENGINEER,207.69,,349695.49,SUPER,SUPER-PAY-20260508-EMP-AMARA-ENGINEER
099999123453,08/05/2026,PAYROLL NET WAGE Nina Sales Representative PAY-20260508-EMP-NINA-SALES,896.90,,349903.18,PAYROLL,PAYNET-PAY-20260508-EMP-NINA-SALES
099999123453,08/05/2026,PAYROLL NET WAGE Grace High Income QA PAY-20260508-EMP-GRACE-HIG,2449.85,,350800.08,PAYROLL,PAYNET-PAY-20260508-EMP-GRACE-HIG
099999123453,08/05/2026,PAYROLL NET WAGE Ben Builder PAY-20260508-EMP-BEN-BUILDER,980.10,,353249.93,PAYROLL,PAYNET-PAY-20260508-EMP-BEN-BUILDER
099999123453,08/05/2026,PAYROLL NET WAGE Amara Engineer PAY-20260508-EMP-AMARA-ENGINEER,1326.77,,354230.03,PAYROLL,PAYNET-PAY-20260508-EMP-AMARA-ENGINEER
099999123453,08/05/2026,PAYG WITHHOLDING REMITTANCE ATO Nina Sales Representative PAY-20260508-EMP-NINA-SALES,175.00,,355556.80,PAYROLL_TAX,PAYG-PAY-20260508-EMP-NINA-SALES
099999123453,08/05/2026,PAYG WITHHOLDING REMITTANCE ATO Grace High Income QA PAY-20260508-EMP-GRACE-HIG,1204.00,,355731.80,PAYROLL_TAX,PAYG-PAY-20260508-EMP-GRACE-HIG
099999123453,08/05/2026,PAYG WITHHOLDING REMITTANCE ATO Ben Builder PAY-20260508-EMP-BEN-BUILDER,211.00,,356935.80,PAYROLL_TAX,PAYG-PAY-20260508-EMP-BEN-BUILDER
099999123453,08/05/2026,PAYG WITHHOLDING REMITTANCE ATO Amara Engineer PAY-20260508-EMP-AMARA-ENGINEER,404.00,,357146.80,PAYROLL_TAX,PAYG-PAY-20260508-EMP-AMARA-ENGINEER
099999123453,04/05/2026,WITHDRAWAL-OSKO PAYMENT Bank BANKFEE-202604,35.00,,357550.80,PAYMENT,BTP-000040
099999123453,01/05/2026,SUPER CLEARING HOUSE Nina Sales Representative PAY-20260501-EMP-NINA-SALES,272.63,,357585.80,SUPER,SUPER-PAY-20260501-EMP-NINA-SALES
099999123453,01/05/2026,SUPER CLEARING HOUSE Grace High Income QA PAY-20260501-EMP-GRACE-HIG,438.46,,357858.43,SUPER,SUPER-PAY-20260501-EMP-GRACE-HIG
099999123453,01/05/2026,SUPER CLEARING HOUSE Ben Builder PAY-20260501-EMP-BEN-BUILDER,140.65,,358296.89,SUPER,SUPER-PAY-20260501-EMP-BEN-BUILDER
099999123453,01/05/2026,SUPER CLEARING HOUSE Amara Engineer PAY-20260501-EMP-AMARA-ENGINEER,207.69,,358437.54,SUPER,SUPER-PAY-20260501-EMP-AMARA-ENGINEER
099999123453,01/05/2026,PAYROLL NET WAGE Nina Sales Representative PAY-20260501-EMP-NINA-SALES,1666.90,,358645.23,PAYROLL,PAYNET-PAY-20260501-EMP-NINA-SALES
099999123453,01/05/2026,PAYROLL NET WAGE Grace High Income QA PAY-20260501-EMP-GRACE-HIG,2449.85,,360312.13,PAYROLL,PAYNET-PAY-20260501-EMP-GRACE-HIG
099999123453,01/05/2026,PAYROLL NET WAGE Ben Builder PAY-20260501-EMP-BEN-BUILDER,966.10,,362761.98,PAYROLL,PAYNET-PAY-20260501-EMP-BEN-BUILDER
099999123453,01/05/2026,PAYROLL NET WAGE Amara Engineer PAY-20260501-EMP-AMARA-ENGINEER,1326.77,,363728.08,PAYROLL,PAYNET-PAY-20260501-EMP-AMARA-ENGINEER
099999123453,01/05/2026,PAYG WITHHOLDING REMITTANCE ATO Nina Sales Representative PAY-20260501-EMP-NINA-SALES,605.00,,365054.85,PAYROLL_TAX,PAYG-PAY-20260501-EMP-NINA-SALES
099999123453,01/05/2026,PAYG WITHHOLDING REMITTANCE ATO Grace High Income QA PAY-20260501-EMP-GRACE-HIG,1204.00,,365659.85,PAYROLL_TAX,PAYG-PAY-20260501-EMP-GRACE-HIG
099999123453,01/05/2026,PAYG WITHHOLDING REMITTANCE ATO Ben Builder PAY-20260501-EMP-BEN-BUILDER,206.00,,366863.85,PAYROLL_TAX,PAYG-PAY-20260501-EMP-BEN-BUILDER
099999123453,01/05/2026,PAYG WITHHOLDING REMITTANCE ATO Amara Engineer PAY-20260501-EMP-AMARA-ENGINEER,404.00,,367069.85,PAYROLL_TAX,PAYG-PAY-20260501-EMP-AMARA-ENGINEER
099999123453,25/04/2026,WITHDRAWAL-OSKO PAYMENT Liam Surveying Contractors Pty Ltd CONTRACT-202604,3520.00,,367473.85,PAYMENT,BTP-000039
099999123453,24/04/2026,SUPER CLEARING HOUSE Nina Sales Representative PAY-20260424-EMP-NINA-SALES,128.63,,370993.85,SUPER,SUPER-PAY-20260424-EMP-NINA-SALES
099999123453,24/04/2026,SUPER CLEARING HOUSE Grace High Income QA PAY-20260424-EMP-GRACE-HIG,438.46,,371122.48,SUPER,SUPER-PAY-20260424-EMP-GRACE-HIG
099999123453,24/04/2026,SUPER CLEARING HOUSE Ben Builder PAY-20260424-EMP-BEN-BUILDER,140.65,,371560.94,SUPER,SUPER-PAY-20260424-EMP-BEN-BUILDER
099999123453,24/04/2026,SUPER CLEARING HOUSE Amara Engineer PAY-20260424-EMP-AMARA-ENGINEER,207.69,,371701.59,SUPER,SUPER-PAY-20260424-EMP-AMARA-ENGINEER
099999123453,24/04/2026,PAYROLL NET WAGE Nina Sales Representative PAY-20260424-EMP-NINA-SALES,896.90,,371909.28,PAYROLL,PAYNET-PAY-20260424-EMP-NINA-SALES
099999123453,24/04/2026,PAYROLL NET WAGE Grace High Income QA PAY-20260424-EMP-GRACE-HIG,2449.85,,372806.18,PAYROLL,PAYNET-PAY-20260424-EMP-GRACE-HIG
099999123453,24/04/2026,PAYROLL NET WAGE Ben Builder PAY-20260424-EMP-BEN-BUILDER,966.10,,375256.03,PAYROLL,PAYNET-PAY-20260424-EMP-BEN-BUILDER
099999123453,24/04/2026,PAYROLL NET WAGE Amara Engineer PAY-20260424-EMP-AMARA-ENGINEER,1326.77,,376222.13,PAYROLL,PAYNET-PAY-20260424-EMP-AMARA-ENGINEER
099999123453,24/04/2026,PAYG WITHHOLDING REMITTANCE ATO Nina Sales Representative PAY-20260424-EMP-NINA-SALES,175.00,,377548.90,PAYROLL_TAX,PAYG-PAY-20260424-EMP-NINA-SALES
099999123453,24/04/2026,PAYG WITHHOLDING REMITTANCE ATO Grace High Income QA PAY-20260424-EMP-GRACE-HIG,1204.00,,377723.90,PAYROLL_TAX,PAYG-PAY-20260424-EMP-GRACE-HIG
099999123453,24/04/2026,PAYG WITHHOLDING REMITTANCE ATO Ben Builder PAY-20260424-EMP-BEN-BUILDER,206.00,,378927.90,PAYROLL_TAX,PAYG-PAY-20260424-EMP-BEN-BUILDER
099999123453,24/04/2026,PAYG WITHHOLDING REMITTANCE ATO Amara Engineer PAY-20260424-EMP-AMARA-ENGINEER,404.00,,379133.90,PAYROLL_TAX,PAYG-PAY-20260424-EMP-AMARA-ENGINEER
099999123453,22/04/2026,WITHDRAWAL-OSKO PAYMENT Cloud Software Vendors SOFT-202604,1595.00,,379537.90,PAYMENT,BTP-000038
099999123453,18/04/2026,DEPOSIT OSKO PAYMENT Project Client B INV-010,,86350.00,381132.90,DEP,BTR-000010
099999123453,17/04/2026,SUPER CLEARING HOUSE Nina Sales Representative PAY-20260417-EMP-NINA-SALES,128.63,,294782.90,SUPER,SUPER-PAY-20260417-EMP-NINA-SALES
099999123453,17/04/2026,SUPER CLEARING HOUSE Grace High Income QA PAY-20260417-EMP-GRACE-HIG,438.46,,294911.53,SUPER,SUPER-PAY-20260417-EMP-GRACE-HIG
099999123453,17/04/2026,SUPER CLEARING HOUSE Ben Builder PAY-20260417-EMP-BEN-BUILDER,140.65,,295349.99,SUPER,SUPER-PAY-20260417-EMP-BEN-BUILDER
099999123453,17/04/2026,SUPER CLEARING HOUSE Amara Engineer PAY-20260417-EMP-AMARA-ENGINEER,207.69,,295490.64,SUPER,SUPER-PAY-20260417-EMP-AMARA-ENGINEER
099999123453,17/04/2026,PAYROLL NET WAGE Nina Sales Representative PAY-20260417-EMP-NINA-SALES,896.90,,295698.33,PAYROLL,PAYNET-PAY-20260417-EMP-NINA-SALES
099999123453,17/04/2026,PAYROLL NET WAGE Grace High Income QA PAY-20260417-EMP-GRACE-HIG,2449.85,,296595.23,PAYROLL,PAYNET-PAY-20260417-EMP-GRACE-HIG
099999123453,17/04/2026,PAYROLL NET WAGE Ben Builder PAY-20260417-EMP-BEN-BUILDER,966.10,,299045.08,PAYROLL,PAYNET-PAY-20260417-EMP-BEN-BUILDER
099999123453,17/04/2026,PAYROLL NET WAGE Amara Engineer PAY-20260417-EMP-AMARA-ENGINEER,1326.77,,300011.18,PAYROLL,PAYNET-PAY-20260417-EMP-AMARA-ENGINEER
099999123453,17/04/2026,PAYG WITHHOLDING REMITTANCE ATO Nina Sales Representative PAY-20260417-EMP-NINA-SALES,175.00,,301337.95,PAYROLL_TAX,PAYG-PAY-20260417-EMP-NINA-SALES
099999123453,17/04/2026,PAYG WITHHOLDING REMITTANCE ATO Grace High Income QA PAY-20260417-EMP-GRACE-HIG,1204.00,,301512.95,PAYROLL_TAX,PAYG-PAY-20260417-EMP-GRACE-HIG
099999123453,17/04/2026,PAYG WITHHOLDING REMITTANCE ATO Ben Builder PAY-20260417-EMP-BEN-BUILDER,206.00,,302716.95,PAYROLL_TAX,PAYG-PAY-20260417-EMP-BEN-BUILDER
099999123453,17/04/2026,PAYG WITHHOLDING REMITTANCE ATO Amara Engineer PAY-20260417-EMP-AMARA-ENGINEER,404.00,,302922.95,PAYROLL_TAX,PAYG-PAY-20260417-EMP-AMARA-ENGINEER
099999123453,16/04/2026,WITHDRAWAL-OSKO PAYMENT Harbour Property Trust RENT-202604,10120.00,,303326.95,PAYMENT,BTP-000037
099999123453,10/04/2026,SUPER CLEARING HOUSE Nina Sales Representative PAY-20260410-EMP-NINA-SALES,128.63,,313446.95,SUPER,SUPER-PAY-20260410-EMP-NINA-SALES
099999123453,10/04/2026,SUPER CLEARING HOUSE Grace High Income QA PAY-20260410-EMP-GRACE-HIG,438.46,,313575.58,SUPER,SUPER-PAY-20260410-EMP-GRACE-HIG
099999123453,10/04/2026,SUPER CLEARING HOUSE Ben Builder PAY-20260410-EMP-BEN-BUILDER,140.65,,314014.04,SUPER,SUPER-PAY-20260410-EMP-BEN-BUILDER
099999123453,10/04/2026,SUPER CLEARING HOUSE Amara Engineer PAY-20260410-EMP-AMARA-ENGINEER,207.69,,314154.69,SUPER,SUPER-PAY-20260410-EMP-AMARA-ENGINEER
099999123453,10/04/2026,PAYROLL NET WAGE Nina Sales Representative PAY-20260410-EMP-NINA-SALES,896.90,,314362.38,PAYROLL,PAYNET-PAY-20260410-EMP-NINA-SALES
099999123453,10/04/2026,PAYROLL NET WAGE Grace High Income QA PAY-20260410-EMP-GRACE-HIG,2449.85,,315259.28,PAYROLL,PAYNET-PAY-20260410-EMP-GRACE-HIG
099999123453,10/04/2026,PAYROLL NET WAGE Ben Builder PAY-20260410-EMP-BEN-BUILDER,966.10,,317709.13,PAYROLL,PAYNET-PAY-20260410-EMP-BEN-BUILDER
099999123453,10/04/2026,PAYROLL NET WAGE Amara Engineer PAY-20260410-EMP-AMARA-ENGINEER,1326.77,,318675.23,PAYROLL,PAYNET-PAY-20260410-EMP-AMARA-ENGINEER
099999123453,10/04/2026,PAYG WITHHOLDING REMITTANCE ATO Nina Sales Representative PAY-20260410-EMP-NINA-SALES,175.00,,320002.00,PAYROLL_TAX,PAYG-PAY-20260410-EMP-NINA-SALES
099999123453,10/04/2026,PAYG WITHHOLDING REMITTANCE ATO Grace High Income QA PAY-20260410-EMP-GRACE-HIG,1204.00,,320177.00,PAYROLL_TAX,PAYG-PAY-20260410-EMP-GRACE-HIG
099999123453,10/04/2026,PAYG WITHHOLDING REMITTANCE ATO Ben Builder PAY-20260410-EMP-BEN-BUILDER,206.00,,321381.00,PAYROLL_TAX,PAYG-PAY-20260410-EMP-BEN-BUILDER
099999123453,10/04/2026,PAYG WITHHOLDING REMITTANCE ATO Amara Engineer PAY-20260410-EMP-AMARA-ENGINEER,404.00,,321587.00,PAYROLL_TAX,PAYG-PAY-20260410-EMP-AMARA-ENGINEER
099999123453,03/04/2026,SUPER CLEARING HOUSE Nina Sales Representative PAY-20260403-EMP-NINA-SALES,272.63,,321991.00,SUPER,SUPER-PAY-20260403-EMP-NINA-SALES
099999123453,03/04/2026,SUPER CLEARING HOUSE Grace High Income QA PAY-20260403-EMP-GRACE-HIG,438.46,,322263.63,SUPER,SUPER-PAY-20260403-EMP-GRACE-HIG
099999123453,03/04/2026,SUPER CLEARING HOUSE Ben Builder PAY-20260403-EMP-BEN-BUILDER,140.65,,322702.09,SUPER,SUPER-PAY-20260403-EMP-BEN-BUILDER
099999123453,03/04/2026,SUPER CLEARING HOUSE Amara Engineer PAY-20260403-EMP-AMARA-ENGINEER,207.69,,322842.74,SUPER,SUPER-PAY-20260403-EMP-AMARA-ENGINEER
099999123453,03/04/2026,PAYROLL NET WAGE Nina Sales Representative PAY-20260403-EMP-NINA-SALES,1666.90,,323050.43,PAYROLL,PAYNET-PAY-20260403-EMP-NINA-SALES
099999123453,03/04/2026,PAYROLL NET WAGE Grace High Income QA PAY-20260403-EMP-GRACE-HIG,2449.85,,324717.33,PAYROLL,PAYNET-PAY-20260403-EMP-GRACE-HIG
099999123453,03/04/2026,PAYROLL NET WAGE Ben Builder PAY-20260403-EMP-BEN-BUILDER,980.10,,327167.18,PAYROLL,PAYNET-PAY-20260403-EMP-BEN-BUILDER
099999123453,03/04/2026,PAYROLL NET WAGE Amara Engineer PAY-20260403-EMP-AMARA-ENGINEER,1326.77,,328147.28,PAYROLL,PAYNET-PAY-20260403-EMP-AMARA-ENGINEER
099999123453,03/04/2026,PAYG WITHHOLDING REMITTANCE ATO Nina Sales Representative PAY-20260403-EMP-NINA-SALES,605.00,,329474.05,PAYROLL_TAX,PAYG-PAY-20260403-EMP-NINA-SALES
099999123453,03/04/2026,PAYG WITHHOLDING REMITTANCE ATO Grace High Income QA PAY-20260403-EMP-GRACE-HIG,1204.00,,330079.05,PAYROLL_TAX,PAYG-PAY-20260403-EMP-GRACE-HIG
099999123453,03/04/2026,PAYG WITHHOLDING REMITTANCE ATO Ben Builder PAY-20260403-EMP-BEN-BUILDER,211.00,,331283.05,PAYROLL_TAX,PAYG-PAY-20260403-EMP-BEN-BUILDER
099999123453,03/04/2026,PAYG WITHHOLDING REMITTANCE ATO Amara Engineer PAY-20260403-EMP-AMARA-ENGINEER,404.00,,331494.05,PAYROLL_TAX,PAYG-PAY-20260403-EMP-AMARA-ENGINEER
099999123453,03/04/2026,WITHDRAWAL-OSKO PAYMENT Bank BANKFEE-202603,35.00,,331898.05,PAYMENT,BTP-000036
099999123453,27/03/2026,SUPER CLEARING HOUSE Nina Sales Representative PAY-20260327-EMP-NINA-SALES,128.63,,331933.05,SUPER,SUPER-PAY-20260327-EMP-NINA-SALES
099999123453,27/03/2026,SUPER CLEARING HOUSE Grace High Income QA PAY-20260327-EMP-GRACE-HIG,438.46,,332061.68,SUPER,SUPER-PAY-20260327-EMP-GRACE-HIG
099999123453,27/03/2026,SUPER CLEARING HOUSE Ben Builder PAY-20260327-EMP-BEN-BUILDER,140.65,,332500.14,SUPER,SUPER-PAY-20260327-EMP-BEN-BUILDER
099999123453,27/03/2026,SUPER CLEARING HOUSE Amara Engineer PAY-20260327-EMP-AMARA-ENGINEER,207.69,,332640.79,SUPER,SUPER-PAY-20260327-EMP-AMARA-ENGINEER
099999123453,27/03/2026,PAYROLL NET WAGE Nina Sales Representative PAY-20260327-EMP-NINA-SALES,896.90,,332848.48,PAYROLL,PAYNET-PAY-20260327-EMP-NINA-SALES
099999123453,27/03/2026,PAYROLL NET WAGE Grace High Income QA PAY-20260327-EMP-GRACE-HIG,2449.85,,333745.38,PAYROLL,PAYNET-PAY-20260327-EMP-GRACE-HIG
099999123453,27/03/2026,PAYROLL NET WAGE Ben Builder PAY-20260327-EMP-BEN-BUILDER,966.10,,336195.23,PAYROLL,PAYNET-PAY-20260327-EMP-BEN-BUILDER
099999123453,27/03/2026,PAYROLL NET WAGE Amara Engineer PAY-20260327-EMP-AMARA-ENGINEER,1326.77,,337161.33,PAYROLL,PAYNET-PAY-20260327-EMP-AMARA-ENGINEER
099999123453,27/03/2026,PAYG WITHHOLDING REMITTANCE ATO Nina Sales Representative PAY-20260327-EMP-NINA-SALES,175.00,,338488.10,PAYROLL_TAX,PAYG-PAY-20260327-EMP-NINA-SALES
099999123453,27/03/2026,PAYG WITHHOLDING REMITTANCE ATO Grace High Income QA PAY-20260327-EMP-GRACE-HIG,1204.00,,338663.10,PAYROLL_TAX,PAYG-PAY-20260327-EMP-GRACE-HIG
099999123453,27/03/2026,PAYG WITHHOLDING REMITTANCE ATO Ben Builder PAY-20260327-EMP-BEN-BUILDER,206.00,,339867.10,PAYROLL_TAX,PAYG-PAY-20260327-EMP-BEN-BUILDER
099999123453,27/03/2026,PAYG WITHHOLDING REMITTANCE ATO Amara Engineer PAY-20260327-EMP-AMARA-ENGINEER,404.00,,340073.10,PAYROLL_TAX,PAYG-PAY-20260327-EMP-AMARA-ENGINEER
099999123453,25/03/2026,WITHDRAWAL-OSKO PAYMENT Liam Surveying Contractors Pty Ltd CONTRACT-202603,3520.00,,340477.10,PAYMENT,BTP-000035
099999123453,22/03/2026,WITHDRAWAL-OSKO PAYMENT Cloud Software Vendors SOFT-202603,1595.00,,343997.10,PAYMENT,BTP-000034
099999123453,20/03/2026,SUPER CLEARING HOUSE Nina Sales Representative PAY-20260320-EMP-NINA-SALES,128.63,,345592.10,SUPER,SUPER-PAY-20260320-EMP-NINA-SALES
099999123453,20/03/2026,SUPER CLEARING HOUSE Grace High Income QA PAY-20260320-EMP-GRACE-HIG,438.46,,345720.73,SUPER,SUPER-PAY-20260320-EMP-GRACE-HIG
099999123453,20/03/2026,SUPER CLEARING HOUSE Ben Builder PAY-20260320-EMP-BEN-BUILDER,140.65,,346159.19,SUPER,SUPER-PAY-20260320-EMP-BEN-BUILDER
099999123453,20/03/2026,SUPER CLEARING HOUSE Amara Engineer PAY-20260320-EMP-AMARA-ENGINEER,207.69,,346299.84,SUPER,SUPER-PAY-20260320-EMP-AMARA-ENGINEER
099999123453,20/03/2026,PAYROLL NET WAGE Nina Sales Representative PAY-20260320-EMP-NINA-SALES,896.90,,346507.53,PAYROLL,PAYNET-PAY-20260320-EMP-NINA-SALES
099999123453,20/03/2026,PAYROLL NET WAGE Grace High Income QA PAY-20260320-EMP-GRACE-HIG,2449.85,,347404.43,PAYROLL,PAYNET-PAY-20260320-EMP-GRACE-HIG
099999123453,20/03/2026,PAYROLL NET WAGE Ben Builder PAY-20260320-EMP-BEN-BUILDER,966.10,,349854.28,PAYROLL,PAYNET-PAY-20260320-EMP-BEN-BUILDER
099999123453,20/03/2026,PAYROLL NET WAGE Amara Engineer PAY-20260320-EMP-AMARA-ENGINEER,1326.77,,350820.38,PAYROLL,PAYNET-PAY-20260320-EMP-AMARA-ENGINEER
099999123453,20/03/2026,PAYG WITHHOLDING REMITTANCE ATO Nina Sales Representative PAY-20260320-EMP-NINA-SALES,175.00,,352147.15,PAYROLL_TAX,PAYG-PAY-20260320-EMP-NINA-SALES
099999123453,20/03/2026,PAYG WITHHOLDING REMITTANCE ATO Grace High Income QA PAY-20260320-EMP-GRACE-HIG,1204.00,,352322.15,PAYROLL_TAX,PAYG-PAY-20260320-EMP-GRACE-HIG
099999123453,20/03/2026,PAYG WITHHOLDING REMITTANCE ATO Ben Builder PAY-20260320-EMP-BEN-BUILDER,206.00,,353526.15,PAYROLL_TAX,PAYG-PAY-20260320-EMP-BEN-BUILDER
099999123453,20/03/2026,PAYG WITHHOLDING REMITTANCE ATO Amara Engineer PAY-20260320-EMP-AMARA-ENGINEER,404.00,,353732.15,PAYROLL_TAX,PAYG-PAY-20260320-EMP-AMARA-ENGINEER
099999123453,18/03/2026,DEPOSIT OSKO PAYMENT Project Client A INV-009,,86075.00,354136.15,DEP,BTR-000009
099999123453,16/03/2026,WITHDRAWAL-OSKO PAYMENT Harbour Property Trust RENT-202603,10120.00,,268061.15,PAYMENT,BTP-000033
099999123453,13/03/2026,SUPER CLEARING HOUSE Nina Sales Representative PAY-20260313-EMP-NINA-SALES,128.63,,278181.15,SUPER,SUPER-PAY-20260313-EMP-NINA-SALES
099999123453,13/03/2026,SUPER CLEARING HOUSE Grace High Income QA PAY-20260313-EMP-GRACE-HIG,438.46,,278309.78,SUPER,SUPER-PAY-20260313-EMP-GRACE-HIG
099999123453,13/03/2026,SUPER CLEARING HOUSE Ben Builder PAY-20260313-EMP-BEN-BUILDER,140.65,,278748.24,SUPER,SUPER-PAY-20260313-EMP-BEN-BUILDER
099999123453,13/03/2026,SUPER CLEARING HOUSE Amara Engineer PAY-20260313-EMP-AMARA-ENGINEER,207.69,,278888.89,SUPER,SUPER-PAY-20260313-EMP-AMARA-ENGINEER
099999123453,13/03/2026,PAYROLL NET WAGE Nina Sales Representative PAY-20260313-EMP-NINA-SALES,896.90,,279096.58,PAYROLL,PAYNET-PAY-20260313-EMP-NINA-SALES
099999123453,13/03/2026,PAYROLL NET WAGE Grace High Income QA PAY-20260313-EMP-GRACE-HIG,2449.85,,279993.48,PAYROLL,PAYNET-PAY-20260313-EMP-GRACE-HIG
099999123453,13/03/2026,PAYROLL NET WAGE Ben Builder PAY-20260313-EMP-BEN-BUILDER,966.10,,282443.33,PAYROLL,PAYNET-PAY-20260313-EMP-BEN-BUILDER
099999123453,13/03/2026,PAYROLL NET WAGE Amara Engineer PAY-20260313-EMP-AMARA-ENGINEER,1326.77,,283409.43,PAYROLL,PAYNET-PAY-20260313-EMP-AMARA-ENGINEER
099999123453,13/03/2026,PAYG WITHHOLDING REMITTANCE ATO Nina Sales Representative PAY-20260313-EMP-NINA-SALES,175.00,,284736.20,PAYROLL_TAX,PAYG-PAY-20260313-EMP-NINA-SALES
099999123453,13/03/2026,PAYG WITHHOLDING REMITTANCE ATO Grace High Income QA PAY-20260313-EMP-GRACE-HIG,1204.00,,284911.20,PAYROLL_TAX,PAYG-PAY-20260313-EMP-GRACE-HIG
099999123453,13/03/2026,PAYG WITHHOLDING REMITTANCE ATO Ben Builder PAY-20260313-EMP-BEN-BUILDER,206.00,,286115.20,PAYROLL_TAX,PAYG-PAY-20260313-EMP-BEN-BUILDER
099999123453,13/03/2026,PAYG WITHHOLDING REMITTANCE ATO Amara Engineer PAY-20260313-EMP-AMARA-ENGINEER,404.00,,286321.20,PAYROLL_TAX,PAYG-PAY-20260313-EMP-AMARA-ENGINEER
099999123453,06/03/2026,SUPER CLEARING HOUSE Nina Sales Representative PAY-20260306-EMP-NINA-SALES,272.63,,286725.20,SUPER,SUPER-PAY-20260306-EMP-NINA-SALES
099999123453,06/03/2026,SUPER CLEARING HOUSE Grace High Income QA PAY-20260306-EMP-GRACE-HIG,438.46,,286997.83,SUPER,SUPER-PAY-20260306-EMP-GRACE-HIG
099999123453,06/03/2026,SUPER CLEARING HOUSE Ben Builder PAY-20260306-EMP-BEN-BUILDER,140.65,,287436.29,SUPER,SUPER-PAY-20260306-EMP-BEN-BUILDER
099999123453,06/03/2026,SUPER CLEARING HOUSE Amara Engineer PAY-20260306-EMP-AMARA-ENGINEER,207.69,,287576.94,SUPER,SUPER-PAY-20260306-EMP-AMARA-ENGINEER
099999123453,06/03/2026,PAYROLL NET WAGE Nina Sales Representative PAY-20260306-EMP-NINA-SALES,1666.90,,287784.63,PAYROLL,PAYNET-PAY-20260306-EMP-NINA-SALES
099999123453,06/03/2026,PAYROLL NET WAGE Grace High Income QA PAY-20260306-EMP-GRACE-HIG,2449.85,,289451.53,PAYROLL,PAYNET-PAY-20260306-EMP-GRACE-HIG
099999123453,06/03/2026,PAYROLL NET WAGE Ben Builder PAY-20260306-EMP-BEN-BUILDER,966.10,,291901.38,PAYROLL,PAYNET-PAY-20260306-EMP-BEN-BUILDER
099999123453,06/03/2026,PAYROLL NET WAGE Amara Engineer PAY-20260306-EMP-AMARA-ENGINEER,1326.77,,292867.48,PAYROLL,PAYNET-PAY-20260306-EMP-AMARA-ENGINEER
099999123453,06/03/2026,PAYG WITHHOLDING REMITTANCE ATO Nina Sales Representative PAY-20260306-EMP-NINA-SALES,605.00,,294194.25,PAYROLL_TAX,PAYG-PAY-20260306-EMP-NINA-SALES
099999123453,06/03/2026,PAYG WITHHOLDING REMITTANCE ATO Grace High Income QA PAY-20260306-EMP-GRACE-HIG,1204.00,,294799.25,PAYROLL_TAX,PAYG-PAY-20260306-EMP-GRACE-HIG
099999123453,06/03/2026,PAYG WITHHOLDING REMITTANCE ATO Ben Builder PAY-20260306-EMP-BEN-BUILDER,206.00,,296003.25,PAYROLL_TAX,PAYG-PAY-20260306-EMP-BEN-BUILDER
099999123453,06/03/2026,PAYG WITHHOLDING REMITTANCE ATO Amara Engineer PAY-20260306-EMP-AMARA-ENGINEER,404.00,,296209.25,PAYROLL_TAX,PAYG-PAY-20260306-EMP-AMARA-ENGINEER
099999123453,06/03/2026,WITHDRAWAL-OSKO PAYMENT Bank BANKFEE-202602,35.00,,296613.25,PAYMENT,BTP-000032
099999123453,27/02/2026,SUPER CLEARING HOUSE Nina Sales Representative PAY-20260227-EMP-NINA-SALES,128.63,,296648.25,SUPER,SUPER-PAY-20260227-EMP-NINA-SALES
099999123453,27/02/2026,SUPER CLEARING HOUSE Grace High Income QA PAY-20260227-EMP-GRACE-HIG,438.46,,296776.88,SUPER,SUPER-PAY-20260227-EMP-GRACE-HIG
099999123453,27/02/2026,SUPER CLEARING HOUSE Ben Builder PAY-20260227-EMP-BEN-BUILDER,140.65,,297215.34,SUPER,SUPER-PAY-20260227-EMP-BEN-BUILDER
099999123453,27/02/2026,SUPER CLEARING HOUSE Amara Engineer PAY-20260227-EMP-AMARA-ENGINEER,207.69,,297355.99,SUPER,SUPER-PAY-20260227-EMP-AMARA-ENGINEER
099999123453,27/02/2026,PAYROLL NET WAGE Nina Sales Representative PAY-20260227-EMP-NINA-SALES,896.90,,297563.68,PAYROLL,PAYNET-PAY-20260227-EMP-NINA-SALES
099999123453,27/02/2026,PAYROLL NET WAGE Grace High Income QA PAY-20260227-EMP-GRACE-HIG,2449.85,,298460.58,PAYROLL,PAYNET-PAY-20260227-EMP-GRACE-HIG
099999123453,27/02/2026,PAYROLL NET WAGE Ben Builder PAY-20260227-EMP-BEN-BUILDER,980.10,,300910.43,PAYROLL,PAYNET-PAY-20260227-EMP-BEN-BUILDER
099999123453,27/02/2026,PAYROLL NET WAGE Amara Engineer PAY-20260227-EMP-AMARA-ENGINEER,1326.77,,301890.53,PAYROLL,PAYNET-PAY-20260227-EMP-AMARA-ENGINEER
099999123453,27/02/2026,PAYG WITHHOLDING REMITTANCE ATO Nina Sales Representative PAY-20260227-EMP-NINA-SALES,175.00,,303217.30,PAYROLL_TAX,PAYG-PAY-20260227-EMP-NINA-SALES
099999123453,27/02/2026,PAYG WITHHOLDING REMITTANCE ATO Grace High Income QA PAY-20260227-EMP-GRACE-HIG,1204.00,,303392.30,PAYROLL_TAX,PAYG-PAY-20260227-EMP-GRACE-HIG
099999123453,27/02/2026,PAYG WITHHOLDING REMITTANCE ATO Ben Builder PAY-20260227-EMP-BEN-BUILDER,211.00,,304596.30,PAYROLL_TAX,PAYG-PAY-20260227-EMP-BEN-BUILDER
099999123453,27/02/2026,PAYG WITHHOLDING REMITTANCE ATO Amara Engineer PAY-20260227-EMP-AMARA-ENGINEER,404.00,,304807.30,PAYROLL_TAX,PAYG-PAY-20260227-EMP-AMARA-ENGINEER
099999123453,25/02/2026,WITHDRAWAL-OSKO PAYMENT Liam Surveying Contractors Pty Ltd CONTRACT-202602,3520.00,,305211.30,PAYMENT,BTP-000031
099999123453,22/02/2026,WITHDRAWAL-OSKO PAYMENT Cloud Software Vendors SOFT-202602,1595.00,,308731.30,PAYMENT,BTP-000030
099999123453,20/02/2026,SUPER CLEARING HOUSE Nina Sales Representative PAY-20260220-EMP-NINA-SALES,128.63,,310326.30,SUPER,SUPER-PAY-20260220-EMP-NINA-SALES
099999123453,20/02/2026,SUPER CLEARING HOUSE Grace High Income QA PAY-20260220-EMP-GRACE-HIG,438.46,,310454.93,SUPER,SUPER-PAY-20260220-EMP-GRACE-HIG
099999123453,20/02/2026,SUPER CLEARING HOUSE Ben Builder PAY-20260220-EMP-BEN-BUILDER,140.65,,310893.39,SUPER,SUPER-PAY-20260220-EMP-BEN-BUILDER
099999123453,20/02/2026,SUPER CLEARING HOUSE Amara Engineer PAY-20260220-EMP-AMARA-ENGINEER,207.69,,311034.04,SUPER,SUPER-PAY-20260220-EMP-AMARA-ENGINEER
099999123453,20/02/2026,PAYROLL NET WAGE Nina Sales Representative PAY-20260220-EMP-NINA-SALES,896.90,,311241.73,PAYROLL,PAYNET-PAY-20260220-EMP-NINA-SALES
099999123453,20/02/2026,PAYROLL NET WAGE Grace High Income QA PAY-20260220-EMP-GRACE-HIG,2449.85,,312138.63,PAYROLL,PAYNET-PAY-20260220-EMP-GRACE-HIG
099999123453,20/02/2026,PAYROLL NET WAGE Ben Builder PAY-20260220-EMP-BEN-BUILDER,966.10,,314588.48,PAYROLL,PAYNET-PAY-20260220-EMP-BEN-BUILDER
099999123453,20/02/2026,PAYROLL NET WAGE Amara Engineer PAY-20260220-EMP-AMARA-ENGINEER,1326.77,,315554.58,PAYROLL,PAYNET-PAY-20260220-EMP-AMARA-ENGINEER
099999123453,20/02/2026,PAYG WITHHOLDING REMITTANCE ATO Nina Sales Representative PAY-20260220-EMP-NINA-SALES,175.00,,316881.35,PAYROLL_TAX,PAYG-PAY-20260220-EMP-NINA-SALES
099999123453,20/02/2026,PAYG WITHHOLDING REMITTANCE ATO Grace High Income QA PAY-20260220-EMP-GRACE-HIG,1204.00,,317056.35,PAYROLL_TAX,PAYG-PAY-20260220-EMP-GRACE-HIG
099999123453,20/02/2026,PAYG WITHHOLDING REMITTANCE ATO Ben Builder PAY-20260220-EMP-BEN-BUILDER,206.00,,318260.35,PAYROLL_TAX,PAYG-PAY-20260220-EMP-BEN-BUILDER
099999123453,20/02/2026,PAYG WITHHOLDING REMITTANCE ATO Amara Engineer PAY-20260220-EMP-AMARA-ENGINEER,404.00,,318466.35,PAYROLL_TAX,PAYG-PAY-20260220-EMP-AMARA-ENGINEER
099999123453,18/02/2026,DEPOSIT OSKO PAYMENT Project Client C INV-008,,85800.00,318870.35,DEP,BTR-000008
099999123453,16/02/2026,WITHDRAWAL-OSKO PAYMENT Harbour Property Trust RENT-202602,10120.00,,233070.35,PAYMENT,BTP-000029
099999123453,13/02/2026,SUPER CLEARING HOUSE Nina Sales Representative PAY-20260213-EMP-NINA-SALES,128.63,,243190.35,SUPER,SUPER-PAY-20260213-EMP-NINA-SALES
099999123453,13/02/2026,SUPER CLEARING HOUSE Grace High Income QA PAY-20260213-EMP-GRACE-HIG,438.46,,243318.98,SUPER,SUPER-PAY-20260213-EMP-GRACE-HIG
099999123453,13/02/2026,SUPER CLEARING HOUSE Ben Builder PAY-20260213-EMP-BEN-BUILDER,140.65,,243757.44,SUPER,SUPER-PAY-20260213-EMP-BEN-BUILDER
099999123453,13/02/2026,SUPER CLEARING HOUSE Amara Engineer PAY-20260213-EMP-AMARA-ENGINEER,207.69,,243898.09,SUPER,SUPER-PAY-20260213-EMP-AMARA-ENGINEER
099999123453,13/02/2026,PAYROLL NET WAGE Nina Sales Representative PAY-20260213-EMP-NINA-SALES,896.90,,244105.78,PAYROLL,PAYNET-PAY-20260213-EMP-NINA-SALES
099999123453,13/02/2026,PAYROLL NET WAGE Grace High Income QA PAY-20260213-EMP-GRACE-HIG,2449.85,,245002.68,PAYROLL,PAYNET-PAY-20260213-EMP-GRACE-HIG
099999123453,13/02/2026,PAYROLL NET WAGE Ben Builder PAY-20260213-EMP-BEN-BUILDER,966.10,,247452.53,PAYROLL,PAYNET-PAY-20260213-EMP-BEN-BUILDER
099999123453,13/02/2026,PAYROLL NET WAGE Amara Engineer PAY-20260213-EMP-AMARA-ENGINEER,1326.77,,248418.63,PAYROLL,PAYNET-PAY-20260213-EMP-AMARA-ENGINEER
099999123453,13/02/2026,PAYG WITHHOLDING REMITTANCE ATO Nina Sales Representative PAY-20260213-EMP-NINA-SALES,175.00,,249745.40,PAYROLL_TAX,PAYG-PAY-20260213-EMP-NINA-SALES
099999123453,13/02/2026,PAYG WITHHOLDING REMITTANCE ATO Grace High Income QA PAY-20260213-EMP-GRACE-HIG,1204.00,,249920.40,PAYROLL_TAX,PAYG-PAY-20260213-EMP-GRACE-HIG
099999123453,13/02/2026,PAYG WITHHOLDING REMITTANCE ATO Ben Builder PAY-20260213-EMP-BEN-BUILDER,206.00,,251124.40,PAYROLL_TAX,PAYG-PAY-20260213-EMP-BEN-BUILDER
099999123453,13/02/2026,PAYG WITHHOLDING REMITTANCE ATO Amara Engineer PAY-20260213-EMP-AMARA-ENGINEER,404.00,,251330.40,PAYROLL_TAX,PAYG-PAY-20260213-EMP-AMARA-ENGINEER
099999123453,06/02/2026,SUPER CLEARING HOUSE Nina Sales Representative PAY-20260206-EMP-NINA-SALES,272.63,,251734.40,SUPER,SUPER-PAY-20260206-EMP-NINA-SALES
099999123453,06/02/2026,SUPER CLEARING HOUSE Grace High Income QA PAY-20260206-EMP-GRACE-HIG,438.46,,252007.03,SUPER,SUPER-PAY-20260206-EMP-GRACE-HIG
099999123453,06/02/2026,SUPER CLEARING HOUSE Ben Builder PAY-20260206-EMP-BEN-BUILDER,140.65,,252445.49,SUPER,SUPER-PAY-20260206-EMP-BEN-BUILDER
099999123453,06/02/2026,SUPER CLEARING HOUSE Amara Engineer PAY-20260206-EMP-AMARA-ENGINEER,207.69,,252586.14,SUPER,SUPER-PAY-20260206-EMP-AMARA-ENGINEER
099999123453,06/02/2026,PAYROLL NET WAGE Nina Sales Representative PAY-20260206-EMP-NINA-SALES,1666.90,,252793.83,PAYROLL,PAYNET-PAY-20260206-EMP-NINA-SALES
099999123453,06/02/2026,PAYROLL NET WAGE Grace High Income QA PAY-20260206-EMP-GRACE-HIG,2449.85,,254460.73,PAYROLL,PAYNET-PAY-20260206-EMP-GRACE-HIG
099999123453,06/02/2026,PAYROLL NET WAGE Ben Builder PAY-20260206-EMP-BEN-BUILDER,966.10,,256910.58,PAYROLL,PAYNET-PAY-20260206-EMP-BEN-BUILDER
099999123453,06/02/2026,PAYROLL NET WAGE Amara Engineer PAY-20260206-EMP-AMARA-ENGINEER,1326.77,,257876.68,PAYROLL,PAYNET-PAY-20260206-EMP-AMARA-ENGINEER
099999123453,06/02/2026,PAYG WITHHOLDING REMITTANCE ATO Nina Sales Representative PAY-20260206-EMP-NINA-SALES,605.00,,259203.45,PAYROLL_TAX,PAYG-PAY-20260206-EMP-NINA-SALES
099999123453,06/02/2026,PAYG WITHHOLDING REMITTANCE ATO Grace High Income QA PAY-20260206-EMP-GRACE-HIG,1204.00,,259808.45,PAYROLL_TAX,PAYG-PAY-20260206-EMP-GRACE-HIG
099999123453,06/02/2026,PAYG WITHHOLDING REMITTANCE ATO Ben Builder PAY-20260206-EMP-BEN-BUILDER,206.00,,261012.45,PAYROLL_TAX,PAYG-PAY-20260206-EMP-BEN-BUILDER
099999123453,06/02/2026,PAYG WITHHOLDING REMITTANCE ATO Amara Engineer PAY-20260206-EMP-AMARA-ENGINEER,404.00,,261218.45,PAYROLL_TAX,PAYG-PAY-20260206-EMP-AMARA-ENGINEER
099999123453,03/02/2026,WITHDRAWAL-OSKO PAYMENT Bank BANKFEE-202601,35.00,,261622.45,PAYMENT,BTP-000028
099999123453,30/01/2026,SUPER CLEARING HOUSE Nina Sales Representative PAY-20260130-EMP-NINA-SALES,128.63,,261657.45,SUPER,SUPER-PAY-20260130-EMP-NINA-SALES
099999123453,30/01/2026,SUPER CLEARING HOUSE Grace High Income QA PAY-20260130-EMP-GRACE-HIG,438.46,,261786.08,SUPER,SUPER-PAY-20260130-EMP-GRACE-HIG
099999123453,30/01/2026,SUPER CLEARING HOUSE Ben Builder PAY-20260130-EMP-BEN-BUILDER,140.65,,262224.54,SUPER,SUPER-PAY-20260130-EMP-BEN-BUILDER
099999123453,30/01/2026,SUPER CLEARING HOUSE Amara Engineer PAY-20260130-EMP-AMARA-ENGINEER,207.69,,262365.19,SUPER,SUPER-PAY-20260130-EMP-AMARA-ENGINEER
099999123453,30/01/2026,PAYROLL NET WAGE Nina Sales Representative PAY-20260130-EMP-NINA-SALES,896.90,,262572.88,PAYROLL,PAYNET-PAY-20260130-EMP-NINA-SALES
099999123453,30/01/2026,PAYROLL NET WAGE Grace High Income QA PAY-20260130-EMP-GRACE-HIG,2449.85,,263469.78,PAYROLL,PAYNET-PAY-20260130-EMP-GRACE-HIG
099999123453,30/01/2026,PAYROLL NET WAGE Ben Builder PAY-20260130-EMP-BEN-BUILDER,966.10,,265919.63,PAYROLL,PAYNET-PAY-20260130-EMP-BEN-BUILDER
099999123453,30/01/2026,PAYROLL NET WAGE Amara Engineer PAY-20260130-EMP-AMARA-ENGINEER,1326.77,,266885.73,PAYROLL,PAYNET-PAY-20260130-EMP-AMARA-ENGINEER
099999123453,30/01/2026,PAYG WITHHOLDING REMITTANCE ATO Nina Sales Representative PAY-20260130-EMP-NINA-SALES,175.00,,268212.50,PAYROLL_TAX,PAYG-PAY-20260130-EMP-NINA-SALES
099999123453,30/01/2026,PAYG WITHHOLDING REMITTANCE ATO Grace High Income QA PAY-20260130-EMP-GRACE-HIG,1204.00,,268387.50,PAYROLL_TAX,PAYG-PAY-20260130-EMP-GRACE-HIG
099999123453,30/01/2026,PAYG WITHHOLDING REMITTANCE ATO Ben Builder PAY-20260130-EMP-BEN-BUILDER,206.00,,269591.50,PAYROLL_TAX,PAYG-PAY-20260130-EMP-BEN-BUILDER
099999123453,30/01/2026,PAYG WITHHOLDING REMITTANCE ATO Amara Engineer PAY-20260130-EMP-AMARA-ENGINEER,404.00,,269797.50,PAYROLL_TAX,PAYG-PAY-20260130-EMP-AMARA-ENGINEER
099999123453,25/01/2026,WITHDRAWAL-OSKO PAYMENT Liam Surveying Contractors Pty Ltd CONTRACT-202601,3520.00,,270201.50,PAYMENT,BTP-000027
099999123453,23/01/2026,SUPER CLEARING HOUSE Nina Sales Representative PAY-20260123-EMP-NINA-SALES,128.63,,273721.50,SUPER,SUPER-PAY-20260123-EMP-NINA-SALES
099999123453,23/01/2026,SUPER CLEARING HOUSE Grace High Income QA PAY-20260123-EMP-GRACE-HIG,438.46,,273850.13,SUPER,SUPER-PAY-20260123-EMP-GRACE-HIG
099999123453,23/01/2026,SUPER CLEARING HOUSE Ben Builder PAY-20260123-EMP-BEN-BUILDER,140.65,,274288.59,SUPER,SUPER-PAY-20260123-EMP-BEN-BUILDER
099999123453,23/01/2026,SUPER CLEARING HOUSE Amara Engineer PAY-20260123-EMP-AMARA-ENGINEER,207.69,,274429.24,SUPER,SUPER-PAY-20260123-EMP-AMARA-ENGINEER
099999123453,23/01/2026,PAYROLL NET WAGE Nina Sales Representative PAY-20260123-EMP-NINA-SALES,896.90,,274636.93,PAYROLL,PAYNET-PAY-20260123-EMP-NINA-SALES
099999123453,23/01/2026,PAYROLL NET WAGE Grace High Income QA PAY-20260123-EMP-GRACE-HIG,2449.85,,275533.83,PAYROLL,PAYNET-PAY-20260123-EMP-GRACE-HIG
099999123453,23/01/2026,PAYROLL NET WAGE Ben Builder PAY-20260123-EMP-BEN-BUILDER,980.10,,277983.68,PAYROLL,PAYNET-PAY-20260123-EMP-BEN-BUILDER
099999123453,23/01/2026,PAYROLL NET WAGE Amara Engineer PAY-20260123-EMP-AMARA-ENGINEER,1326.77,,278963.78,PAYROLL,PAYNET-PAY-20260123-EMP-AMARA-ENGINEER
099999123453,23/01/2026,PAYG WITHHOLDING REMITTANCE ATO Nina Sales Representative PAY-20260123-EMP-NINA-SALES,175.00,,280290.55,PAYROLL_TAX,PAYG-PAY-20260123-EMP-NINA-SALES
099999123453,23/01/2026,PAYG WITHHOLDING REMITTANCE ATO Grace High Income QA PAY-20260123-EMP-GRACE-HIG,1204.00,,280465.55,PAYROLL_TAX,PAYG-PAY-20260123-EMP-GRACE-HIG
099999123453,23/01/2026,PAYG WITHHOLDING REMITTANCE ATO Ben Builder PAY-20260123-EMP-BEN-BUILDER,211.00,,281669.55,PAYROLL_TAX,PAYG-PAY-20260123-EMP-BEN-BUILDER
099999123453,23/01/2026,PAYG WITHHOLDING REMITTANCE ATO Amara Engineer PAY-20260123-EMP-AMARA-ENGINEER,404.00,,281880.55,PAYROLL_TAX,PAYG-PAY-20260123-EMP-AMARA-ENGINEER
099999123453,22/01/2026,WITHDRAWAL-OSKO PAYMENT Cloud Software Vendors SOFT-202601,1595.00,,282284.55,PAYMENT,BTP-000026
099999123453,18/01/2026,DEPOSIT OSKO PAYMENT Project Client B INV-007,,85525.00,283879.55,DEP,BTR-000007
099999123453,16/01/2026,SUPER CLEARING HOUSE Nina Sales Representative PAY-20260116-EMP-NINA-SALES,128.63,,198354.55,SUPER,SUPER-PAY-20260116-EMP-NINA-SALES
099999123453,16/01/2026,SUPER CLEARING HOUSE Grace High Income QA PAY-20260116-EMP-GRACE-HIG,438.46,,198483.18,SUPER,SUPER-PAY-20260116-EMP-GRACE-HIG
099999123453,16/01/2026,SUPER CLEARING HOUSE Ben Builder PAY-20260116-EMP-BEN-BUILDER,140.65,,198921.64,SUPER,SUPER-PAY-20260116-EMP-BEN-BUILDER
099999123453,16/01/2026,SUPER CLEARING HOUSE Amara Engineer PAY-20260116-EMP-AMARA-ENGINEER,207.69,,199062.29,SUPER,SUPER-PAY-20260116-EMP-AMARA-ENGINEER
099999123453,16/01/2026,PAYROLL NET WAGE Nina Sales Representative PAY-20260116-EMP-NINA-SALES,896.90,,199269.98,PAYROLL,PAYNET-PAY-20260116-EMP-NINA-SALES
099999123453,16/01/2026,PAYROLL NET WAGE Grace High Income QA PAY-20260116-EMP-GRACE-HIG,2449.85,,200166.88,PAYROLL,PAYNET-PAY-20260116-EMP-GRACE-HIG
099999123453,16/01/2026,PAYROLL NET WAGE Ben Builder PAY-20260116-EMP-BEN-BUILDER,966.10,,202616.73,PAYROLL,PAYNET-PAY-20260116-EMP-BEN-BUILDER
099999123453,16/01/2026,PAYROLL NET WAGE Amara Engineer PAY-20260116-EMP-AMARA-ENGINEER,1326.77,,203582.83,PAYROLL,PAYNET-PAY-20260116-EMP-AMARA-ENGINEER
099999123453,16/01/2026,PAYG WITHHOLDING REMITTANCE ATO Nina Sales Representative PAY-20260116-EMP-NINA-SALES,175.00,,204909.60,PAYROLL_TAX,PAYG-PAY-20260116-EMP-NINA-SALES
099999123453,16/01/2026,PAYG WITHHOLDING REMITTANCE ATO Grace High Income QA PAY-20260116-EMP-GRACE-HIG,1204.00,,205084.60,PAYROLL_TAX,PAYG-PAY-20260116-EMP-GRACE-HIG
099999123453,16/01/2026,PAYG WITHHOLDING REMITTANCE ATO Ben Builder PAY-20260116-EMP-BEN-BUILDER,206.00,,206288.60,PAYROLL_TAX,PAYG-PAY-20260116-EMP-BEN-BUILDER
099999123453,16/01/2026,PAYG WITHHOLDING REMITTANCE ATO Amara Engineer PAY-20260116-EMP-AMARA-ENGINEER,404.00,,206494.60,PAYROLL_TAX,PAYG-PAY-20260116-EMP-AMARA-ENGINEER
099999123453,16/01/2026,WITHDRAWAL-OSKO PAYMENT Harbour Property Trust RENT-202601,10120.00,,206898.60,PAYMENT,BTP-000025
099999123453,09/01/2026,SUPER CLEARING HOUSE Nina Sales Representative PAY-20260109-EMP-NINA-SALES,128.63,,217018.60,SUPER,SUPER-PAY-20260109-EMP-NINA-SALES
099999123453,09/01/2026,SUPER CLEARING HOUSE Grace High Income QA PAY-20260109-EMP-GRACE-HIG,438.46,,217147.23,SUPER,SUPER-PAY-20260109-EMP-GRACE-HIG
099999123453,09/01/2026,SUPER CLEARING HOUSE Ben Builder PAY-20260109-EMP-BEN-BUILDER,140.65,,217585.69,SUPER,SUPER-PAY-20260109-EMP-BEN-BUILDER
099999123453,09/01/2026,SUPER CLEARING HOUSE Amara Engineer PAY-20260109-EMP-AMARA-ENGINEER,207.69,,217726.34,SUPER,SUPER-PAY-20260109-EMP-AMARA-ENGINEER
099999123453,09/01/2026,PAYROLL NET WAGE Nina Sales Representative PAY-20260109-EMP-NINA-SALES,896.90,,217934.03,PAYROLL,PAYNET-PAY-20260109-EMP-NINA-SALES
099999123453,09/01/2026,PAYROLL NET WAGE Grace High Income QA PAY-20260109-EMP-GRACE-HIG,2449.85,,218830.93,PAYROLL,PAYNET-PAY-20260109-EMP-GRACE-HIG
099999123453,09/01/2026,PAYROLL NET WAGE Ben Builder PAY-20260109-EMP-BEN-BUILDER,966.10,,221280.78,PAYROLL,PAYNET-PAY-20260109-EMP-BEN-BUILDER
099999123453,09/01/2026,PAYROLL NET WAGE Amara Engineer PAY-20260109-EMP-AMARA-ENGINEER,1326.77,,222246.88,PAYROLL,PAYNET-PAY-20260109-EMP-AMARA-ENGINEER
099999123453,09/01/2026,PAYG WITHHOLDING REMITTANCE ATO Nina Sales Representative PAY-20260109-EMP-NINA-SALES,175.00,,223573.65,PAYROLL_TAX,PAYG-PAY-20260109-EMP-NINA-SALES
099999123453,09/01/2026,PAYG WITHHOLDING REMITTANCE ATO Grace High Income QA PAY-20260109-EMP-GRACE-HIG,1204.00,,223748.65,PAYROLL_TAX,PAYG-PAY-20260109-EMP-GRACE-HIG
099999123453,09/01/2026,PAYG WITHHOLDING REMITTANCE ATO Ben Builder PAY-20260109-EMP-BEN-BUILDER,206.00,,224952.65,PAYROLL_TAX,PAYG-PAY-20260109-EMP-BEN-BUILDER
099999123453,09/01/2026,PAYG WITHHOLDING REMITTANCE ATO Amara Engineer PAY-20260109-EMP-AMARA-ENGINEER,404.00,,225158.65,PAYROLL_TAX,PAYG-PAY-20260109-EMP-AMARA-ENGINEER
099999123453,03/01/2026,WITHDRAWAL-OSKO PAYMENT Bank BANKFEE-202512,35.00,,225562.65,PAYMENT,BTP-000024
099999123453,02/01/2026,SUPER CLEARING HOUSE Nina Sales Representative PAY-20260102-EMP-NINA-SALES,272.63,,225597.65,SUPER,SUPER-PAY-20260102-EMP-NINA-SALES
099999123453,02/01/2026,SUPER CLEARING HOUSE Grace High Income QA PAY-20260102-EMP-GRACE-HIG,438.46,,225870.28,SUPER,SUPER-PAY-20260102-EMP-GRACE-HIG
099999123453,02/01/2026,SUPER CLEARING HOUSE Ben Builder PAY-20260102-EMP-BEN-BUILDER,140.65,,226308.74,SUPER,SUPER-PAY-20260102-EMP-BEN-BUILDER
099999123453,02/01/2026,SUPER CLEARING HOUSE Amara Engineer PAY-20260102-EMP-AMARA-ENGINEER,207.69,,226449.39,SUPER,SUPER-PAY-20260102-EMP-AMARA-ENGINEER
099999123453,02/01/2026,PAYROLL NET WAGE Nina Sales Representative PAY-20260102-EMP-NINA-SALES,1666.90,,226657.08,PAYROLL,PAYNET-PAY-20260102-EMP-NINA-SALES
099999123453,02/01/2026,PAYROLL NET WAGE Grace High Income QA PAY-20260102-EMP-GRACE-HIG,2449.85,,228323.98,PAYROLL,PAYNET-PAY-20260102-EMP-GRACE-HIG
099999123453,02/01/2026,PAYROLL NET WAGE Ben Builder PAY-20260102-EMP-BEN-BUILDER,966.10,,230773.83,PAYROLL,PAYNET-PAY-20260102-EMP-BEN-BUILDER
099999123453,02/01/2026,PAYROLL NET WAGE Amara Engineer PAY-20260102-EMP-AMARA-ENGINEER,1326.77,,231739.93,PAYROLL,PAYNET-PAY-20260102-EMP-AMARA-ENGINEER
099999123453,02/01/2026,PAYG WITHHOLDING REMITTANCE ATO Nina Sales Representative PAY-20260102-EMP-NINA-SALES,605.00,,233066.70,PAYROLL_TAX,PAYG-PAY-20260102-EMP-NINA-SALES
099999123453,02/01/2026,PAYG WITHHOLDING REMITTANCE ATO Grace High Income QA PAY-20260102-EMP-GRACE-HIG,1204.00,,233671.70,PAYROLL_TAX,PAYG-PAY-20260102-EMP-GRACE-HIG
099999123453,02/01/2026,PAYG WITHHOLDING REMITTANCE ATO Ben Builder PAY-20260102-EMP-BEN-BUILDER,206.00,,234875.70,PAYROLL_TAX,PAYG-PAY-20260102-EMP-BEN-BUILDER
099999123453,02/01/2026,PAYG WITHHOLDING REMITTANCE ATO Amara Engineer PAY-20260102-EMP-AMARA-ENGINEER,404.00,,235081.70,PAYROLL_TAX,PAYG-PAY-20260102-EMP-AMARA-ENGINEER
099999123453,26/12/2025,SUPER CLEARING HOUSE Nina Sales Representative PAY-20251226-EMP-NINA-SALES,128.63,,235485.70,SUPER,SUPER-PAY-20251226-EMP-NINA-SALES
099999123453,26/12/2025,SUPER CLEARING HOUSE Grace High Income QA PAY-20251226-EMP-GRACE-HIG,438.46,,235614.33,SUPER,SUPER-PAY-20251226-EMP-GRACE-HIG
099999123453,26/12/2025,SUPER CLEARING HOUSE Ben Builder PAY-20251226-EMP-BEN-BUILDER,140.65,,236052.79,SUPER,SUPER-PAY-20251226-EMP-BEN-BUILDER
099999123453,26/12/2025,SUPER CLEARING HOUSE Amara Engineer PAY-20251226-EMP-AMARA-ENGINEER,207.69,,236193.44,SUPER,SUPER-PAY-20251226-EMP-AMARA-ENGINEER
099999123453,26/12/2025,PAYROLL NET WAGE Nina Sales Representative PAY-20251226-EMP-NINA-SALES,896.90,,236401.13,PAYROLL,PAYNET-PAY-20251226-EMP-NINA-SALES
099999123453,26/12/2025,PAYROLL NET WAGE Grace High Income QA PAY-20251226-EMP-GRACE-HIG,2449.85,,237298.03,PAYROLL,PAYNET-PAY-20251226-EMP-GRACE-HIG
099999123453,26/12/2025,PAYROLL NET WAGE Ben Builder PAY-20251226-EMP-BEN-BUILDER,966.10,,239747.88,PAYROLL,PAYNET-PAY-20251226-EMP-BEN-BUILDER
099999123453,26/12/2025,PAYROLL NET WAGE Amara Engineer PAY-20251226-EMP-AMARA-ENGINEER,1326.77,,240713.98,PAYROLL,PAYNET-PAY-20251226-EMP-AMARA-ENGINEER
099999123453,26/12/2025,PAYG WITHHOLDING REMITTANCE ATO Nina Sales Representative PAY-20251226-EMP-NINA-SALES,175.00,,242040.75,PAYROLL_TAX,PAYG-PAY-20251226-EMP-NINA-SALES
099999123453,26/12/2025,PAYG WITHHOLDING REMITTANCE ATO Grace High Income QA PAY-20251226-EMP-GRACE-HIG,1204.00,,242215.75,PAYROLL_TAX,PAYG-PAY-20251226-EMP-GRACE-HIG
099999123453,26/12/2025,PAYG WITHHOLDING REMITTANCE ATO Ben Builder PAY-20251226-EMP-BEN-BUILDER,206.00,,243419.75,PAYROLL_TAX,PAYG-PAY-20251226-EMP-BEN-BUILDER
099999123453,26/12/2025,PAYG WITHHOLDING REMITTANCE ATO Amara Engineer PAY-20251226-EMP-AMARA-ENGINEER,404.00,,243625.75,PAYROLL_TAX,PAYG-PAY-20251226-EMP-AMARA-ENGINEER
099999123453,25/12/2025,WITHDRAWAL-OSKO PAYMENT Liam Surveying Contractors Pty Ltd CONTRACT-202512,3520.00,,244029.75,PAYMENT,BTP-000023
099999123453,22/12/2025,WITHDRAWAL-OSKO PAYMENT Cloud Software Vendors SOFT-202512,1595.00,,247549.75,PAYMENT,BTP-000022
099999123453,19/12/2025,SUPER CLEARING HOUSE Nina Sales Representative PAY-20251219-EMP-NINA-SALES,128.63,,249144.75,SUPER,SUPER-PAY-20251219-EMP-NINA-SALES
099999123453,19/12/2025,SUPER CLEARING HOUSE Grace High Income QA PAY-20251219-EMP-GRACE-HIG,438.46,,249273.38,SUPER,SUPER-PAY-20251219-EMP-GRACE-HIG
099999123453,19/12/2025,SUPER CLEARING HOUSE Ben Builder PAY-20251219-EMP-BEN-BUILDER,140.65,,249711.84,SUPER,SUPER-PAY-20251219-EMP-BEN-BUILDER
099999123453,19/12/2025,SUPER CLEARING HOUSE Amara Engineer PAY-20251219-EMP-AMARA-ENGINEER,207.69,,249852.49,SUPER,SUPER-PAY-20251219-EMP-AMARA-ENGINEER
099999123453,19/12/2025,PAYROLL NET WAGE Nina Sales Representative PAY-20251219-EMP-NINA-SALES,896.90,,250060.18,PAYROLL,PAYNET-PAY-20251219-EMP-NINA-SALES
099999123453,19/12/2025,PAYROLL NET WAGE Grace High Income QA PAY-20251219-EMP-GRACE-HIG,2449.85,,250957.08,PAYROLL,PAYNET-PAY-20251219-EMP-GRACE-HIG
099999123453,19/12/2025,PAYROLL NET WAGE Ben Builder PAY-20251219-EMP-BEN-BUILDER,980.10,,253406.93,PAYROLL,PAYNET-PAY-20251219-EMP-BEN-BUILDER
099999123453,19/12/2025,PAYROLL NET WAGE Amara Engineer PAY-20251219-EMP-AMARA-ENGINEER,1326.77,,254387.03,PAYROLL,PAYNET-PAY-20251219-EMP-AMARA-ENGINEER
099999123453,19/12/2025,PAYG WITHHOLDING REMITTANCE ATO Nina Sales Representative PAY-20251219-EMP-NINA-SALES,175.00,,255713.80,PAYROLL_TAX,PAYG-PAY-20251219-EMP-NINA-SALES
099999123453,19/12/2025,PAYG WITHHOLDING REMITTANCE ATO Grace High Income QA PAY-20251219-EMP-GRACE-HIG,1204.00,,255888.80,PAYROLL_TAX,PAYG-PAY-20251219-EMP-GRACE-HIG
099999123453,19/12/2025,PAYG WITHHOLDING REMITTANCE ATO Ben Builder PAY-20251219-EMP-BEN-BUILDER,211.00,,257092.80,PAYROLL_TAX,PAYG-PAY-20251219-EMP-BEN-BUILDER
099999123453,19/12/2025,PAYG WITHHOLDING REMITTANCE ATO Amara Engineer PAY-20251219-EMP-AMARA-ENGINEER,404.00,,257303.80,PAYROLL_TAX,PAYG-PAY-20251219-EMP-AMARA-ENGINEER
099999123453,18/12/2025,DEPOSIT OSKO PAYMENT Project Client A INV-006,,85250.00,257707.80,DEP,BTR-000006
099999123453,16/12/2025,WITHDRAWAL-OSKO PAYMENT Harbour Property Trust RENT-202512,10120.00,,172457.80,PAYMENT,BTP-000021
099999123453,12/12/2025,SUPER CLEARING HOUSE Nina Sales Representative PAY-20251212-EMP-NINA-SALES,128.63,,182577.80,SUPER,SUPER-PAY-20251212-EMP-NINA-SALES
099999123453,12/12/2025,SUPER CLEARING HOUSE Grace High Income QA PAY-20251212-EMP-GRACE-HIG,438.46,,182706.43,SUPER,SUPER-PAY-20251212-EMP-GRACE-HIG
099999123453,12/12/2025,SUPER CLEARING HOUSE Ben Builder PAY-20251212-EMP-BEN-BUILDER,140.65,,183144.89,SUPER,SUPER-PAY-20251212-EMP-BEN-BUILDER
099999123453,12/12/2025,SUPER CLEARING HOUSE Amara Engineer PAY-20251212-EMP-AMARA-ENGINEER,207.69,,183285.54,SUPER,SUPER-PAY-20251212-EMP-AMARA-ENGINEER
099999123453,12/12/2025,PAYROLL NET WAGE Nina Sales Representative PAY-20251212-EMP-NINA-SALES,896.90,,183493.23,PAYROLL,PAYNET-PAY-20251212-EMP-NINA-SALES
099999123453,12/12/2025,PAYROLL NET WAGE Grace High Income QA PAY-20251212-EMP-GRACE-HIG,2449.85,,184390.13,PAYROLL,PAYNET-PAY-20251212-EMP-GRACE-HIG
099999123453,12/12/2025,PAYROLL NET WAGE Ben Builder PAY-20251212-EMP-BEN-BUILDER,966.10,,186839.98,PAYROLL,PAYNET-PAY-20251212-EMP-BEN-BUILDER
099999123453,12/12/2025,PAYROLL NET WAGE Amara Engineer PAY-20251212-EMP-AMARA-ENGINEER,1326.77,,187806.08,PAYROLL,PAYNET-PAY-20251212-EMP-AMARA-ENGINEER
099999123453,12/12/2025,PAYG WITHHOLDING REMITTANCE ATO Nina Sales Representative PAY-20251212-EMP-NINA-SALES,175.00,,189132.85,PAYROLL_TAX,PAYG-PAY-20251212-EMP-NINA-SALES
099999123453,12/12/2025,PAYG WITHHOLDING REMITTANCE ATO Grace High Income QA PAY-20251212-EMP-GRACE-HIG,1204.00,,189307.85,PAYROLL_TAX,PAYG-PAY-20251212-EMP-GRACE-HIG
099999123453,12/12/2025,PAYG WITHHOLDING REMITTANCE ATO Ben Builder PAY-20251212-EMP-BEN-BUILDER,206.00,,190511.85,PAYROLL_TAX,PAYG-PAY-20251212-EMP-BEN-BUILDER
099999123453,12/12/2025,PAYG WITHHOLDING REMITTANCE ATO Amara Engineer PAY-20251212-EMP-AMARA-ENGINEER,404.00,,190717.85,PAYROLL_TAX,PAYG-PAY-20251212-EMP-AMARA-ENGINEER
099999123453,05/12/2025,SUPER CLEARING HOUSE Nina Sales Representative PAY-20251205-EMP-NINA-SALES,272.63,,191121.85,SUPER,SUPER-PAY-20251205-EMP-NINA-SALES
099999123453,05/12/2025,SUPER CLEARING HOUSE Grace High Income QA PAY-20251205-EMP-GRACE-HIG,438.46,,191394.48,SUPER,SUPER-PAY-20251205-EMP-GRACE-HIG
099999123453,05/12/2025,SUPER CLEARING HOUSE Ben Builder PAY-20251205-EMP-BEN-BUILDER,140.65,,191832.94,SUPER,SUPER-PAY-20251205-EMP-BEN-BUILDER
099999123453,05/12/2025,SUPER CLEARING HOUSE Amara Engineer PAY-20251205-EMP-AMARA-ENGINEER,207.69,,191973.59,SUPER,SUPER-PAY-20251205-EMP-AMARA-ENGINEER
099999123453,05/12/2025,PAYROLL NET WAGE Nina Sales Representative PAY-20251205-EMP-NINA-SALES,1666.90,,192181.28,PAYROLL,PAYNET-PAY-20251205-EMP-NINA-SALES
099999123453,05/12/2025,PAYROLL NET WAGE Grace High Income QA PAY-20251205-EMP-GRACE-HIG,2449.85,,193848.18,PAYROLL,PAYNET-PAY-20251205-EMP-GRACE-HIG
099999123453,05/12/2025,PAYROLL NET WAGE Ben Builder PAY-20251205-EMP-BEN-BUILDER,966.10,,196298.03,PAYROLL,PAYNET-PAY-20251205-EMP-BEN-BUILDER
099999123453,05/12/2025,PAYROLL NET WAGE Amara Engineer PAY-20251205-EMP-AMARA-ENGINEER,1326.77,,197264.13,PAYROLL,PAYNET-PAY-20251205-EMP-AMARA-ENGINEER
099999123453,05/12/2025,PAYG WITHHOLDING REMITTANCE ATO Nina Sales Representative PAY-20251205-EMP-NINA-SALES,605.00,,198590.90,PAYROLL_TAX,PAYG-PAY-20251205-EMP-NINA-SALES
099999123453,05/12/2025,PAYG WITHHOLDING REMITTANCE ATO Grace High Income QA PAY-20251205-EMP-GRACE-HIG,1204.00,,199195.90,PAYROLL_TAX,PAYG-PAY-20251205-EMP-GRACE-HIG
099999123453,05/12/2025,PAYG WITHHOLDING REMITTANCE ATO Ben Builder PAY-20251205-EMP-BEN-BUILDER,206.00,,200399.90,PAYROLL_TAX,PAYG-PAY-20251205-EMP-BEN-BUILDER
099999123453,05/12/2025,PAYG WITHHOLDING REMITTANCE ATO Amara Engineer PAY-20251205-EMP-AMARA-ENGINEER,404.00,,200605.90,PAYROLL_TAX,PAYG-PAY-20251205-EMP-AMARA-ENGINEER
099999123453,04/12/2025,WITHDRAWAL-OSKO PAYMENT Bank BANKFEE-202511,35.00,,201009.90,PAYMENT,BTP-000020
099999123453,28/11/2025,SUPER CLEARING HOUSE Nina Sales Representative PAY-20251128-EMP-NINA-SALES,128.63,,201044.90,SUPER,SUPER-PAY-20251128-EMP-NINA-SALES
099999123453,28/11/2025,SUPER CLEARING HOUSE Grace High Income QA PAY-20251128-EMP-GRACE-HIG,438.46,,201173.53,SUPER,SUPER-PAY-20251128-EMP-GRACE-HIG
099999123453,28/11/2025,SUPER CLEARING HOUSE Ben Builder PAY-20251128-EMP-BEN-BUILDER,140.65,,201611.99,SUPER,SUPER-PAY-20251128-EMP-BEN-BUILDER
099999123453,28/11/2025,SUPER CLEARING HOUSE Amara Engineer PAY-20251128-EMP-AMARA-ENGINEER,207.69,,201752.64,SUPER,SUPER-PAY-20251128-EMP-AMARA-ENGINEER
099999123453,28/11/2025,PAYROLL NET WAGE Nina Sales Representative PAY-20251128-EMP-NINA-SALES,896.90,,201960.33,PAYROLL,PAYNET-PAY-20251128-EMP-NINA-SALES
099999123453,28/11/2025,PAYROLL NET WAGE Grace High Income QA PAY-20251128-EMP-GRACE-HIG,2449.85,,202857.23,PAYROLL,PAYNET-PAY-20251128-EMP-GRACE-HIG
099999123453,28/11/2025,PAYROLL NET WAGE Ben Builder PAY-20251128-EMP-BEN-BUILDER,966.10,,205307.08,PAYROLL,PAYNET-PAY-20251128-EMP-BEN-BUILDER
099999123453,28/11/2025,PAYROLL NET WAGE Amara Engineer PAY-20251128-EMP-AMARA-ENGINEER,1326.77,,206273.18,PAYROLL,PAYNET-PAY-20251128-EMP-AMARA-ENGINEER
099999123453,28/11/2025,PAYG WITHHOLDING REMITTANCE ATO Nina Sales Representative PAY-20251128-EMP-NINA-SALES,175.00,,207599.95,PAYROLL_TAX,PAYG-PAY-20251128-EMP-NINA-SALES
099999123453,28/11/2025,PAYG WITHHOLDING REMITTANCE ATO Grace High Income QA PAY-20251128-EMP-GRACE-HIG,1204.00,,207774.95,PAYROLL_TAX,PAYG-PAY-20251128-EMP-GRACE-HIG
099999123453,28/11/2025,PAYG WITHHOLDING REMITTANCE ATO Ben Builder PAY-20251128-EMP-BEN-BUILDER,206.00,,208978.95,PAYROLL_TAX,PAYG-PAY-20251128-EMP-BEN-BUILDER
099999123453,28/11/2025,PAYG WITHHOLDING REMITTANCE ATO Amara Engineer PAY-20251128-EMP-AMARA-ENGINEER,404.00,,209184.95,PAYROLL_TAX,PAYG-PAY-20251128-EMP-AMARA-ENGINEER
099999123453,25/11/2025,WITHDRAWAL-OSKO PAYMENT Liam Surveying Contractors Pty Ltd CONTRACT-202511,3520.00,,209588.95,PAYMENT,BTP-000019
099999123453,22/11/2025,WITHDRAWAL-OSKO PAYMENT Cloud Software Vendors SOFT-202511,1595.00,,213108.95,PAYMENT,BTP-000018
099999123453,21/11/2025,SUPER CLEARING HOUSE Nina Sales Representative PAY-20251121-EMP-NINA-SALES,128.63,,214703.95,SUPER,SUPER-PAY-20251121-EMP-NINA-SALES
099999123453,21/11/2025,SUPER CLEARING HOUSE Grace High Income QA PAY-20251121-EMP-GRACE-HIG,438.46,,214832.58,SUPER,SUPER-PAY-20251121-EMP-GRACE-HIG
099999123453,21/11/2025,SUPER CLEARING HOUSE Ben Builder PAY-20251121-EMP-BEN-BUILDER,140.65,,215271.04,SUPER,SUPER-PAY-20251121-EMP-BEN-BUILDER
099999123453,21/11/2025,SUPER CLEARING HOUSE Amara Engineer PAY-20251121-EMP-AMARA-ENGINEER,207.69,,215411.69,SUPER,SUPER-PAY-20251121-EMP-AMARA-ENGINEER
099999123453,21/11/2025,PAYROLL NET WAGE Nina Sales Representative PAY-20251121-EMP-NINA-SALES,896.90,,215619.38,PAYROLL,PAYNET-PAY-20251121-EMP-NINA-SALES
099999123453,21/11/2025,PAYROLL NET WAGE Grace High Income QA PAY-20251121-EMP-GRACE-HIG,2449.85,,216516.28,PAYROLL,PAYNET-PAY-20251121-EMP-GRACE-HIG
099999123453,21/11/2025,PAYROLL NET WAGE Ben Builder PAY-20251121-EMP-BEN-BUILDER,966.10,,218966.13,PAYROLL,PAYNET-PAY-20251121-EMP-BEN-BUILDER
099999123453,21/11/2025,PAYROLL NET WAGE Amara Engineer PAY-20251121-EMP-AMARA-ENGINEER,1326.77,,219932.23,PAYROLL,PAYNET-PAY-20251121-EMP-AMARA-ENGINEER
099999123453,21/11/2025,PAYG WITHHOLDING REMITTANCE ATO Nina Sales Representative PAY-20251121-EMP-NINA-SALES,175.00,,221259.00,PAYROLL_TAX,PAYG-PAY-20251121-EMP-NINA-SALES
099999123453,21/11/2025,PAYG WITHHOLDING REMITTANCE ATO Grace High Income QA PAY-20251121-EMP-GRACE-HIG,1204.00,,221434.00,PAYROLL_TAX,PAYG-PAY-20251121-EMP-GRACE-HIG
099999123453,21/11/2025,PAYG WITHHOLDING REMITTANCE ATO Ben Builder PAY-20251121-EMP-BEN-BUILDER,206.00,,222638.00,PAYROLL_TAX,PAYG-PAY-20251121-EMP-BEN-BUILDER
099999123453,21/11/2025,PAYG WITHHOLDING REMITTANCE ATO Amara Engineer PAY-20251121-EMP-AMARA-ENGINEER,404.00,,222844.00,PAYROLL_TAX,PAYG-PAY-20251121-EMP-AMARA-ENGINEER
099999123453,18/11/2025,DEPOSIT OSKO PAYMENT Project Client C INV-005,,84975.00,223248.00,DEP,BTR-000005
099999123453,16/11/2025,WITHDRAWAL-OSKO PAYMENT Harbour Property Trust RENT-202511,10120.00,,138273.00,PAYMENT,BTP-000017
099999123453,14/11/2025,SUPER CLEARING HOUSE Nina Sales Representative PAY-20251114-EMP-NINA-SALES,128.63,,148393.00,SUPER,SUPER-PAY-20251114-EMP-NINA-SALES
099999123453,14/11/2025,SUPER CLEARING HOUSE Grace High Income QA PAY-20251114-EMP-GRACE-HIG,438.46,,148521.63,SUPER,SUPER-PAY-20251114-EMP-GRACE-HIG
099999123453,14/11/2025,SUPER CLEARING HOUSE Ben Builder PAY-20251114-EMP-BEN-BUILDER,140.65,,148960.09,SUPER,SUPER-PAY-20251114-EMP-BEN-BUILDER
099999123453,14/11/2025,SUPER CLEARING HOUSE Amara Engineer PAY-20251114-EMP-AMARA-ENGINEER,207.69,,149100.74,SUPER,SUPER-PAY-20251114-EMP-AMARA-ENGINEER
099999123453,14/11/2025,PAYROLL NET WAGE Nina Sales Representative PAY-20251114-EMP-NINA-SALES,896.90,,149308.43,PAYROLL,PAYNET-PAY-20251114-EMP-NINA-SALES
099999123453,14/11/2025,PAYROLL NET WAGE Grace High Income QA PAY-20251114-EMP-GRACE-HIG,2449.85,,150205.33,PAYROLL,PAYNET-PAY-20251114-EMP-GRACE-HIG
099999123453,14/11/2025,PAYROLL NET WAGE Ben Builder PAY-20251114-EMP-BEN-BUILDER,980.10,,152655.18,PAYROLL,PAYNET-PAY-20251114-EMP-BEN-BUILDER
099999123453,14/11/2025,PAYROLL NET WAGE Amara Engineer PAY-20251114-EMP-AMARA-ENGINEER,1326.77,,153635.28,PAYROLL,PAYNET-PAY-20251114-EMP-AMARA-ENGINEER
099999123453,14/11/2025,PAYG WITHHOLDING REMITTANCE ATO Nina Sales Representative PAY-20251114-EMP-NINA-SALES,175.00,,154962.05,PAYROLL_TAX,PAYG-PAY-20251114-EMP-NINA-SALES
099999123453,14/11/2025,PAYG WITHHOLDING REMITTANCE ATO Grace High Income QA PAY-20251114-EMP-GRACE-HIG,1204.00,,155137.05,PAYROLL_TAX,PAYG-PAY-20251114-EMP-GRACE-HIG
099999123453,14/11/2025,PAYG WITHHOLDING REMITTANCE ATO Ben Builder PAY-20251114-EMP-BEN-BUILDER,211.00,,156341.05,PAYROLL_TAX,PAYG-PAY-20251114-EMP-BEN-BUILDER
099999123453,14/11/2025,PAYG WITHHOLDING REMITTANCE ATO Amara Engineer PAY-20251114-EMP-AMARA-ENGINEER,404.00,,156552.05,PAYROLL_TAX,PAYG-PAY-20251114-EMP-AMARA-ENGINEER
099999123453,07/11/2025,SUPER CLEARING HOUSE Nina Sales Representative PAY-20251107-EMP-NINA-SALES,272.63,,156956.05,SUPER,SUPER-PAY-20251107-EMP-NINA-SALES
099999123453,07/11/2025,SUPER CLEARING HOUSE Grace High Income QA PAY-20251107-EMP-GRACE-HIG,438.46,,157228.68,SUPER,SUPER-PAY-20251107-EMP-GRACE-HIG
099999123453,07/11/2025,SUPER CLEARING HOUSE Ben Builder PAY-20251107-EMP-BEN-BUILDER,140.65,,157667.14,SUPER,SUPER-PAY-20251107-EMP-BEN-BUILDER
099999123453,07/11/2025,SUPER CLEARING HOUSE Amara Engineer PAY-20251107-EMP-AMARA-ENGINEER,207.69,,157807.79,SUPER,SUPER-PAY-20251107-EMP-AMARA-ENGINEER
099999123453,07/11/2025,PAYROLL NET WAGE Nina Sales Representative PAY-20251107-EMP-NINA-SALES,1666.90,,158015.48,PAYROLL,PAYNET-PAY-20251107-EMP-NINA-SALES
099999123453,07/11/2025,PAYROLL NET WAGE Grace High Income QA PAY-20251107-EMP-GRACE-HIG,2449.85,,159682.38,PAYROLL,PAYNET-PAY-20251107-EMP-GRACE-HIG
099999123453,07/11/2025,PAYROLL NET WAGE Ben Builder PAY-20251107-EMP-BEN-BUILDER,966.10,,162132.23,PAYROLL,PAYNET-PAY-20251107-EMP-BEN-BUILDER
099999123453,07/11/2025,PAYROLL NET WAGE Amara Engineer PAY-20251107-EMP-AMARA-ENGINEER,1326.77,,163098.33,PAYROLL,PAYNET-PAY-20251107-EMP-AMARA-ENGINEER
099999123453,07/11/2025,PAYG WITHHOLDING REMITTANCE ATO Nina Sales Representative PAY-20251107-EMP-NINA-SALES,605.00,,164425.10,PAYROLL_TAX,PAYG-PAY-20251107-EMP-NINA-SALES
099999123453,07/11/2025,PAYG WITHHOLDING REMITTANCE ATO Grace High Income QA PAY-20251107-EMP-GRACE-HIG,1204.00,,165030.10,PAYROLL_TAX,PAYG-PAY-20251107-EMP-GRACE-HIG
099999123453,07/11/2025,PAYG WITHHOLDING REMITTANCE ATO Ben Builder PAY-20251107-EMP-BEN-BUILDER,206.00,,166234.10,PAYROLL_TAX,PAYG-PAY-20251107-EMP-BEN-BUILDER
099999123453,07/11/2025,PAYG WITHHOLDING REMITTANCE ATO Amara Engineer PAY-20251107-EMP-AMARA-ENGINEER,404.00,,166440.10,PAYROLL_TAX,PAYG-PAY-20251107-EMP-AMARA-ENGINEER
099999123453,03/11/2025,WITHDRAWAL-OSKO PAYMENT Bank BANKFEE-202510,35.00,,166844.10,PAYMENT,BTP-000016
099999123453,31/10/2025,SUPER CLEARING HOUSE Nina Sales Representative PAY-20251031-EMP-NINA-SALES,128.63,,166879.10,SUPER,SUPER-PAY-20251031-EMP-NINA-SALES
099999123453,31/10/2025,SUPER CLEARING HOUSE Grace High Income QA PAY-20251031-EMP-GRACE-HIG,438.46,,167007.73,SUPER,SUPER-PAY-20251031-EMP-GRACE-HIG
099999123453,31/10/2025,SUPER CLEARING HOUSE Ben Builder PAY-20251031-EMP-BEN-BUILDER,140.65,,167446.19,SUPER,SUPER-PAY-20251031-EMP-BEN-BUILDER
099999123453,31/10/2025,SUPER CLEARING HOUSE Amara Engineer PAY-20251031-EMP-AMARA-ENGINEER,207.69,,167586.84,SUPER,SUPER-PAY-20251031-EMP-AMARA-ENGINEER
099999123453,31/10/2025,PAYROLL NET WAGE Nina Sales Representative PAY-20251031-EMP-NINA-SALES,896.90,,167794.53,PAYROLL,PAYNET-PAY-20251031-EMP-NINA-SALES
099999123453,31/10/2025,PAYROLL NET WAGE Grace High Income QA PAY-20251031-EMP-GRACE-HIG,2449.85,,168691.43,PAYROLL,PAYNET-PAY-20251031-EMP-GRACE-HIG
099999123453,31/10/2025,PAYROLL NET WAGE Ben Builder PAY-20251031-EMP-BEN-BUILDER,966.10,,171141.28,PAYROLL,PAYNET-PAY-20251031-EMP-BEN-BUILDER
099999123453,31/10/2025,PAYROLL NET WAGE Amara Engineer PAY-20251031-EMP-AMARA-ENGINEER,1326.77,,172107.38,PAYROLL,PAYNET-PAY-20251031-EMP-AMARA-ENGINEER
099999123453,31/10/2025,PAYG WITHHOLDING REMITTANCE ATO Nina Sales Representative PAY-20251031-EMP-NINA-SALES,175.00,,173434.15,PAYROLL_TAX,PAYG-PAY-20251031-EMP-NINA-SALES
099999123453,31/10/2025,PAYG WITHHOLDING REMITTANCE ATO Grace High Income QA PAY-20251031-EMP-GRACE-HIG,1204.00,,173609.15,PAYROLL_TAX,PAYG-PAY-20251031-EMP-GRACE-HIG
099999123453,31/10/2025,PAYG WITHHOLDING REMITTANCE ATO Ben Builder PAY-20251031-EMP-BEN-BUILDER,206.00,,174813.15,PAYROLL_TAX,PAYG-PAY-20251031-EMP-BEN-BUILDER
099999123453,31/10/2025,PAYG WITHHOLDING REMITTANCE ATO Amara Engineer PAY-20251031-EMP-AMARA-ENGINEER,404.00,,175019.15,PAYROLL_TAX,PAYG-PAY-20251031-EMP-AMARA-ENGINEER
099999123453,25/10/2025,WITHDRAWAL-OSKO PAYMENT Liam Surveying Contractors Pty Ltd CONTRACT-202510,3520.00,,175423.15,PAYMENT,BTP-000015
099999123453,24/10/2025,SUPER CLEARING HOUSE Nina Sales Representative PAY-20251024-EMP-NINA-SALES,128.63,,178943.15,SUPER,SUPER-PAY-20251024-EMP-NINA-SALES
099999123453,24/10/2025,SUPER CLEARING HOUSE Grace High Income QA PAY-20251024-EMP-GRACE-HIG,438.46,,179071.78,SUPER,SUPER-PAY-20251024-EMP-GRACE-HIG
099999123453,24/10/2025,SUPER CLEARING HOUSE Ben Builder PAY-20251024-EMP-BEN-BUILDER,140.65,,179510.24,SUPER,SUPER-PAY-20251024-EMP-BEN-BUILDER
099999123453,24/10/2025,SUPER CLEARING HOUSE Amara Engineer PAY-20251024-EMP-AMARA-ENGINEER,207.69,,179650.89,SUPER,SUPER-PAY-20251024-EMP-AMARA-ENGINEER
099999123453,24/10/2025,PAYROLL NET WAGE Nina Sales Representative PAY-20251024-EMP-NINA-SALES,896.90,,179858.58,PAYROLL,PAYNET-PAY-20251024-EMP-NINA-SALES
099999123453,24/10/2025,PAYROLL NET WAGE Grace High Income QA PAY-20251024-EMP-GRACE-HIG,2449.85,,180755.48,PAYROLL,PAYNET-PAY-20251024-EMP-GRACE-HIG
099999123453,24/10/2025,PAYROLL NET WAGE Ben Builder PAY-20251024-EMP-BEN-BUILDER,966.10,,183205.33,PAYROLL,PAYNET-PAY-20251024-EMP-BEN-BUILDER
099999123453,24/10/2025,PAYROLL NET WAGE Amara Engineer PAY-20251024-EMP-AMARA-ENGINEER,1326.77,,184171.43,PAYROLL,PAYNET-PAY-20251024-EMP-AMARA-ENGINEER
099999123453,24/10/2025,PAYG WITHHOLDING REMITTANCE ATO Nina Sales Representative PAY-20251024-EMP-NINA-SALES,175.00,,185498.20,PAYROLL_TAX,PAYG-PAY-20251024-EMP-NINA-SALES
099999123453,24/10/2025,PAYG WITHHOLDING REMITTANCE ATO Grace High Income QA PAY-20251024-EMP-GRACE-HIG,1204.00,,185673.20,PAYROLL_TAX,PAYG-PAY-20251024-EMP-GRACE-HIG
099999123453,24/10/2025,PAYG WITHHOLDING REMITTANCE ATO Ben Builder PAY-20251024-EMP-BEN-BUILDER,206.00,,186877.20,PAYROLL_TAX,PAYG-PAY-20251024-EMP-BEN-BUILDER
099999123453,24/10/2025,PAYG WITHHOLDING REMITTANCE ATO Amara Engineer PAY-20251024-EMP-AMARA-ENGINEER,404.00,,187083.20,PAYROLL_TAX,PAYG-PAY-20251024-EMP-AMARA-ENGINEER
099999123453,22/10/2025,WITHDRAWAL-OSKO PAYMENT Cloud Software Vendors SOFT-202510,1595.00,,187487.20,PAYMENT,BTP-000014
099999123453,18/10/2025,DEPOSIT OSKO PAYMENT Project Client B INV-004,,84700.00,189082.20,DEP,BTR-000004
099999123453,17/10/2025,SUPER CLEARING HOUSE Nina Sales Representative PAY-20251017-EMP-NINA-SALES,128.63,,104382.20,SUPER,SUPER-PAY-20251017-EMP-NINA-SALES
099999123453,17/10/2025,SUPER CLEARING HOUSE Grace High Income QA PAY-20251017-EMP-GRACE-HIG,438.46,,104510.83,SUPER,SUPER-PAY-20251017-EMP-GRACE-HIG
099999123453,17/10/2025,SUPER CLEARING HOUSE Ben Builder PAY-20251017-EMP-BEN-BUILDER,140.65,,104949.29,SUPER,SUPER-PAY-20251017-EMP-BEN-BUILDER
099999123453,17/10/2025,SUPER CLEARING HOUSE Amara Engineer PAY-20251017-EMP-AMARA-ENGINEER,207.69,,105089.94,SUPER,SUPER-PAY-20251017-EMP-AMARA-ENGINEER
099999123453,17/10/2025,PAYROLL NET WAGE Nina Sales Representative PAY-20251017-EMP-NINA-SALES,896.90,,105297.63,PAYROLL,PAYNET-PAY-20251017-EMP-NINA-SALES
099999123453,17/10/2025,PAYROLL NET WAGE Grace High Income QA PAY-20251017-EMP-GRACE-HIG,2449.85,,106194.53,PAYROLL,PAYNET-PAY-20251017-EMP-GRACE-HIG
099999123453,17/10/2025,PAYROLL NET WAGE Ben Builder PAY-20251017-EMP-BEN-BUILDER,966.10,,108644.38,PAYROLL,PAYNET-PAY-20251017-EMP-BEN-BUILDER
099999123453,17/10/2025,PAYROLL NET WAGE Amara Engineer PAY-20251017-EMP-AMARA-ENGINEER,1326.77,,109610.48,PAYROLL,PAYNET-PAY-20251017-EMP-AMARA-ENGINEER
099999123453,17/10/2025,PAYG WITHHOLDING REMITTANCE ATO Nina Sales Representative PAY-20251017-EMP-NINA-SALES,175.00,,110937.25,PAYROLL_TAX,PAYG-PAY-20251017-EMP-NINA-SALES
099999123453,17/10/2025,PAYG WITHHOLDING REMITTANCE ATO Grace High Income QA PAY-20251017-EMP-GRACE-HIG,1204.00,,111112.25,PAYROLL_TAX,PAYG-PAY-20251017-EMP-GRACE-HIG
099999123453,17/10/2025,PAYG WITHHOLDING REMITTANCE ATO Ben Builder PAY-20251017-EMP-BEN-BUILDER,206.00,,112316.25,PAYROLL_TAX,PAYG-PAY-20251017-EMP-BEN-BUILDER
099999123453,17/10/2025,PAYG WITHHOLDING REMITTANCE ATO Amara Engineer PAY-20251017-EMP-AMARA-ENGINEER,404.00,,112522.25,PAYROLL_TAX,PAYG-PAY-20251017-EMP-AMARA-ENGINEER
099999123453,16/10/2025,WITHDRAWAL-OSKO PAYMENT Harbour Property Trust RENT-202510,10120.00,,112926.25,PAYMENT,BTP-000013
099999123453,10/10/2025,SUPER CLEARING HOUSE Nina Sales Representative PAY-20251010-EMP-NINA-SALES,128.63,,123046.25,SUPER,SUPER-PAY-20251010-EMP-NINA-SALES
099999123453,10/10/2025,SUPER CLEARING HOUSE Grace High Income QA PAY-20251010-EMP-GRACE-HIG,438.46,,123174.88,SUPER,SUPER-PAY-20251010-EMP-GRACE-HIG
099999123453,10/10/2025,SUPER CLEARING HOUSE Ben Builder PAY-20251010-EMP-BEN-BUILDER,140.65,,123613.34,SUPER,SUPER-PAY-20251010-EMP-BEN-BUILDER
099999123453,10/10/2025,SUPER CLEARING HOUSE Amara Engineer PAY-20251010-EMP-AMARA-ENGINEER,207.69,,123753.99,SUPER,SUPER-PAY-20251010-EMP-AMARA-ENGINEER
099999123453,10/10/2025,PAYROLL NET WAGE Nina Sales Representative PAY-20251010-EMP-NINA-SALES,896.90,,123961.68,PAYROLL,PAYNET-PAY-20251010-EMP-NINA-SALES
099999123453,10/10/2025,PAYROLL NET WAGE Grace High Income QA PAY-20251010-EMP-GRACE-HIG,2449.85,,124858.58,PAYROLL,PAYNET-PAY-20251010-EMP-GRACE-HIG
099999123453,10/10/2025,PAYROLL NET WAGE Ben Builder PAY-20251010-EMP-BEN-BUILDER,980.10,,127308.43,PAYROLL,PAYNET-PAY-20251010-EMP-BEN-BUILDER
099999123453,10/10/2025,PAYROLL NET WAGE Amara Engineer PAY-20251010-EMP-AMARA-ENGINEER,1326.77,,128288.53,PAYROLL,PAYNET-PAY-20251010-EMP-AMARA-ENGINEER
099999123453,10/10/2025,PAYG WITHHOLDING REMITTANCE ATO Nina Sales Representative PAY-20251010-EMP-NINA-SALES,175.00,,129615.30,PAYROLL_TAX,PAYG-PAY-20251010-EMP-NINA-SALES
099999123453,10/10/2025,PAYG WITHHOLDING REMITTANCE ATO Grace High Income QA PAY-20251010-EMP-GRACE-HIG,1204.00,,129790.30,PAYROLL_TAX,PAYG-PAY-20251010-EMP-GRACE-HIG
099999123453,10/10/2025,PAYG WITHHOLDING REMITTANCE ATO Ben Builder PAY-20251010-EMP-BEN-BUILDER,211.00,,130994.30,PAYROLL_TAX,PAYG-PAY-20251010-EMP-BEN-BUILDER
099999123453,10/10/2025,PAYG WITHHOLDING REMITTANCE ATO Amara Engineer PAY-20251010-EMP-AMARA-ENGINEER,404.00,,131205.30,PAYROLL_TAX,PAYG-PAY-20251010-EMP-AMARA-ENGINEER
099999123453,04/10/2025,WITHDRAWAL-OSKO PAYMENT Bank BANKFEE-202509,35.00,,131609.30,PAYMENT,BTP-000012
099999123453,03/10/2025,SUPER CLEARING HOUSE Nina Sales Representative PAY-20251003-EMP-NINA-SALES,272.63,,131644.30,SUPER,SUPER-PAY-20251003-EMP-NINA-SALES
099999123453,03/10/2025,SUPER CLEARING HOUSE Grace High Income QA PAY-20251003-EMP-GRACE-HIG,438.46,,131916.93,SUPER,SUPER-PAY-20251003-EMP-GRACE-HIG
099999123453,03/10/2025,SUPER CLEARING HOUSE Ben Builder PAY-20251003-EMP-BEN-BUILDER,140.65,,132355.39,SUPER,SUPER-PAY-20251003-EMP-BEN-BUILDER
099999123453,03/10/2025,SUPER CLEARING HOUSE Amara Engineer PAY-20251003-EMP-AMARA-ENGINEER,207.69,,132496.04,SUPER,SUPER-PAY-20251003-EMP-AMARA-ENGINEER
099999123453,03/10/2025,PAYROLL NET WAGE Nina Sales Representative PAY-20251003-EMP-NINA-SALES,1666.90,,132703.73,PAYROLL,PAYNET-PAY-20251003-EMP-NINA-SALES
099999123453,03/10/2025,PAYROLL NET WAGE Grace High Income QA PAY-20251003-EMP-GRACE-HIG,2449.85,,134370.63,PAYROLL,PAYNET-PAY-20251003-EMP-GRACE-HIG
099999123453,03/10/2025,PAYROLL NET WAGE Ben Builder PAY-20251003-EMP-BEN-BUILDER,966.10,,136820.48,PAYROLL,PAYNET-PAY-20251003-EMP-BEN-BUILDER
099999123453,03/10/2025,PAYROLL NET WAGE Amara Engineer PAY-20251003-EMP-AMARA-ENGINEER,1326.77,,137786.58,PAYROLL,PAYNET-PAY-20251003-EMP-AMARA-ENGINEER
099999123453,03/10/2025,PAYG WITHHOLDING REMITTANCE ATO Nina Sales Representative PAY-20251003-EMP-NINA-SALES,605.00,,139113.35,PAYROLL_TAX,PAYG-PAY-20251003-EMP-NINA-SALES
099999123453,03/10/2025,PAYG WITHHOLDING REMITTANCE ATO Grace High Income QA PAY-20251003-EMP-GRACE-HIG,1204.00,,139718.35,PAYROLL_TAX,PAYG-PAY-20251003-EMP-GRACE-HIG
099999123453,03/10/2025,PAYG WITHHOLDING REMITTANCE ATO Ben Builder PAY-20251003-EMP-BEN-BUILDER,206.00,,140922.35,PAYROLL_TAX,PAYG-PAY-20251003-EMP-BEN-BUILDER
099999123453,03/10/2025,PAYG WITHHOLDING REMITTANCE ATO Amara Engineer PAY-20251003-EMP-AMARA-ENGINEER,404.00,,141128.35,PAYROLL_TAX,PAYG-PAY-20251003-EMP-AMARA-ENGINEER
099999123453,26/09/2025,SUPER CLEARING HOUSE Nina Sales Representative PAY-20250926-EMP-NINA-SALES,128.63,,141532.35,SUPER,SUPER-PAY-20250926-EMP-NINA-SALES
099999123453,26/09/2025,SUPER CLEARING HOUSE Grace High Income QA PAY-20250926-EMP-GRACE-HIG,438.46,,141660.98,SUPER,SUPER-PAY-20250926-EMP-GRACE-HIG
099999123453,26/09/2025,SUPER CLEARING HOUSE Ben Builder PAY-20250926-EMP-BEN-BUILDER,140.65,,142099.44,SUPER,SUPER-PAY-20250926-EMP-BEN-BUILDER
099999123453,26/09/2025,SUPER CLEARING HOUSE Amara Engineer PAY-20250926-EMP-AMARA-ENGINEER,207.69,,142240.09,SUPER,SUPER-PAY-20250926-EMP-AMARA-ENGINEER
099999123453,26/09/2025,PAYROLL NET WAGE Nina Sales Representative PAY-20250926-EMP-NINA-SALES,896.90,,142447.78,PAYROLL,PAYNET-PAY-20250926-EMP-NINA-SALES
099999123453,26/09/2025,PAYROLL NET WAGE Grace High Income QA PAY-20250926-EMP-GRACE-HIG,2449.85,,143344.68,PAYROLL,PAYNET-PAY-20250926-EMP-GRACE-HIG
099999123453,26/09/2025,PAYROLL NET WAGE Ben Builder PAY-20250926-EMP-BEN-BUILDER,966.10,,145794.53,PAYROLL,PAYNET-PAY-20250926-EMP-BEN-BUILDER
099999123453,26/09/2025,PAYROLL NET WAGE Amara Engineer PAY-20250926-EMP-AMARA-ENGINEER,1326.77,,146760.63,PAYROLL,PAYNET-PAY-20250926-EMP-AMARA-ENGINEER
099999123453,26/09/2025,PAYG WITHHOLDING REMITTANCE ATO Nina Sales Representative PAY-20250926-EMP-NINA-SALES,175.00,,148087.40,PAYROLL_TAX,PAYG-PAY-20250926-EMP-NINA-SALES
099999123453,26/09/2025,PAYG WITHHOLDING REMITTANCE ATO Grace High Income QA PAY-20250926-EMP-GRACE-HIG,1204.00,,148262.40,PAYROLL_TAX,PAYG-PAY-20250926-EMP-GRACE-HIG
099999123453,26/09/2025,PAYG WITHHOLDING REMITTANCE ATO Ben Builder PAY-20250926-EMP-BEN-BUILDER,206.00,,149466.40,PAYROLL_TAX,PAYG-PAY-20250926-EMP-BEN-BUILDER
099999123453,26/09/2025,PAYG WITHHOLDING REMITTANCE ATO Amara Engineer PAY-20250926-EMP-AMARA-ENGINEER,404.00,,149672.40,PAYROLL_TAX,PAYG-PAY-20250926-EMP-AMARA-ENGINEER
099999123453,25/09/2025,WITHDRAWAL-OSKO PAYMENT Liam Surveying Contractors Pty Ltd CONTRACT-202509,3520.00,,150076.40,PAYMENT,BTP-000011
099999123453,22/09/2025,WITHDRAWAL-OSKO PAYMENT Cloud Software Vendors SOFT-202509,1595.00,,153596.40,PAYMENT,BTP-000010
099999123453,19/09/2025,SUPER CLEARING HOUSE Nina Sales Representative PAY-20250919-EMP-NINA-SALES,128.63,,155191.40,SUPER,SUPER-PAY-20250919-EMP-NINA-SALES
099999123453,19/09/2025,SUPER CLEARING HOUSE Grace High Income QA PAY-20250919-EMP-GRACE-HIG,438.46,,155320.03,SUPER,SUPER-PAY-20250919-EMP-GRACE-HIG
099999123453,19/09/2025,SUPER CLEARING HOUSE Ben Builder PAY-20250919-EMP-BEN-BUILDER,140.65,,155758.49,SUPER,SUPER-PAY-20250919-EMP-BEN-BUILDER
099999123453,19/09/2025,SUPER CLEARING HOUSE Amara Engineer PAY-20250919-EMP-AMARA-ENGINEER,207.69,,155899.14,SUPER,SUPER-PAY-20250919-EMP-AMARA-ENGINEER
099999123453,19/09/2025,PAYROLL NET WAGE Nina Sales Representative PAY-20250919-EMP-NINA-SALES,896.90,,156106.83,PAYROLL,PAYNET-PAY-20250919-EMP-NINA-SALES
099999123453,19/09/2025,PAYROLL NET WAGE Grace High Income QA PAY-20250919-EMP-GRACE-HIG,2449.85,,157003.73,PAYROLL,PAYNET-PAY-20250919-EMP-GRACE-HIG
099999123453,19/09/2025,PAYROLL NET WAGE Ben Builder PAY-20250919-EMP-BEN-BUILDER,966.10,,159453.58,PAYROLL,PAYNET-PAY-20250919-EMP-BEN-BUILDER
099999123453,19/09/2025,PAYROLL NET WAGE Amara Engineer PAY-20250919-EMP-AMARA-ENGINEER,1326.77,,160419.68,PAYROLL,PAYNET-PAY-20250919-EMP-AMARA-ENGINEER
099999123453,19/09/2025,PAYG WITHHOLDING REMITTANCE ATO Nina Sales Representative PAY-20250919-EMP-NINA-SALES,175.00,,161746.45,PAYROLL_TAX,PAYG-PAY-20250919-EMP-NINA-SALES
099999123453,19/09/2025,PAYG WITHHOLDING REMITTANCE ATO Grace High Income QA PAY-20250919-EMP-GRACE-HIG,1204.00,,161921.45,PAYROLL_TAX,PAYG-PAY-20250919-EMP-GRACE-HIG
099999123453,19/09/2025,PAYG WITHHOLDING REMITTANCE ATO Ben Builder PAY-20250919-EMP-BEN-BUILDER,206.00,,163125.45,PAYROLL_TAX,PAYG-PAY-20250919-EMP-BEN-BUILDER
099999123453,19/09/2025,PAYG WITHHOLDING REMITTANCE ATO Amara Engineer PAY-20250919-EMP-AMARA-ENGINEER,404.00,,163331.45,PAYROLL_TAX,PAYG-PAY-20250919-EMP-AMARA-ENGINEER
099999123453,18/09/2025,DEPOSIT OSKO PAYMENT Project Client A INV-003,,84425.00,163735.45,DEP,BTR-000003
099999123453,16/09/2025,WITHDRAWAL-OSKO PAYMENT Harbour Property Trust RENT-202509,10120.00,,79310.45,PAYMENT,BTP-000009
099999123453,12/09/2025,SUPER CLEARING HOUSE Nina Sales Representative PAY-20250912-EMP-NINA-SALES,128.63,,89430.45,SUPER,SUPER-PAY-20250912-EMP-NINA-SALES
099999123453,12/09/2025,SUPER CLEARING HOUSE Grace High Income QA PAY-20250912-EMP-GRACE-HIG,438.46,,89559.08,SUPER,SUPER-PAY-20250912-EMP-GRACE-HIG
099999123453,12/09/2025,SUPER CLEARING HOUSE Ben Builder PAY-20250912-EMP-BEN-BUILDER,140.65,,89997.54,SUPER,SUPER-PAY-20250912-EMP-BEN-BUILDER
099999123453,12/09/2025,SUPER CLEARING HOUSE Amara Engineer PAY-20250912-EMP-AMARA-ENGINEER,207.69,,90138.19,SUPER,SUPER-PAY-20250912-EMP-AMARA-ENGINEER
099999123453,12/09/2025,PAYROLL NET WAGE Nina Sales Representative PAY-20250912-EMP-NINA-SALES,896.90,,90345.88,PAYROLL,PAYNET-PAY-20250912-EMP-NINA-SALES
099999123453,12/09/2025,PAYROLL NET WAGE Grace High Income QA PAY-20250912-EMP-GRACE-HIG,2449.85,,91242.78,PAYROLL,PAYNET-PAY-20250912-EMP-GRACE-HIG
099999123453,12/09/2025,PAYROLL NET WAGE Ben Builder PAY-20250912-EMP-BEN-BUILDER,966.10,,93692.63,PAYROLL,PAYNET-PAY-20250912-EMP-BEN-BUILDER
099999123453,12/09/2025,PAYROLL NET WAGE Amara Engineer PAY-20250912-EMP-AMARA-ENGINEER,1326.77,,94658.73,PAYROLL,PAYNET-PAY-20250912-EMP-AMARA-ENGINEER
099999123453,12/09/2025,PAYG WITHHOLDING REMITTANCE ATO Nina Sales Representative PAY-20250912-EMP-NINA-SALES,175.00,,95985.50,PAYROLL_TAX,PAYG-PAY-20250912-EMP-NINA-SALES
099999123453,12/09/2025,PAYG WITHHOLDING REMITTANCE ATO Grace High Income QA PAY-20250912-EMP-GRACE-HIG,1204.00,,96160.50,PAYROLL_TAX,PAYG-PAY-20250912-EMP-GRACE-HIG
099999123453,12/09/2025,PAYG WITHHOLDING REMITTANCE ATO Ben Builder PAY-20250912-EMP-BEN-BUILDER,206.00,,97364.50,PAYROLL_TAX,PAYG-PAY-20250912-EMP-BEN-BUILDER
099999123453,12/09/2025,PAYG WITHHOLDING REMITTANCE ATO Amara Engineer PAY-20250912-EMP-AMARA-ENGINEER,404.00,,97570.50,PAYROLL_TAX,PAYG-PAY-20250912-EMP-AMARA-ENGINEER
099999123453,05/09/2025,SUPER CLEARING HOUSE Nina Sales Representative PAY-20250905-EMP-NINA-SALES,272.63,,97974.50,SUPER,SUPER-PAY-20250905-EMP-NINA-SALES
099999123453,05/09/2025,SUPER CLEARING HOUSE Grace High Income QA PAY-20250905-EMP-GRACE-HIG,438.46,,98247.13,SUPER,SUPER-PAY-20250905-EMP-GRACE-HIG
099999123453,05/09/2025,SUPER CLEARING HOUSE Ben Builder PAY-20250905-EMP-BEN-BUILDER,140.65,,98685.59,SUPER,SUPER-PAY-20250905-EMP-BEN-BUILDER
099999123453,05/09/2025,SUPER CLEARING HOUSE Amara Engineer PAY-20250905-EMP-AMARA-ENGINEER,207.69,,98826.24,SUPER,SUPER-PAY-20250905-EMP-AMARA-ENGINEER
099999123453,05/09/2025,PAYROLL NET WAGE Nina Sales Representative PAY-20250905-EMP-NINA-SALES,1666.90,,99033.93,PAYROLL,PAYNET-PAY-20250905-EMP-NINA-SALES
099999123453,05/09/2025,PAYROLL NET WAGE Grace High Income QA PAY-20250905-EMP-GRACE-HIG,2449.85,,100700.83,PAYROLL,PAYNET-PAY-20250905-EMP-GRACE-HIG
099999123453,05/09/2025,PAYROLL NET WAGE Ben Builder PAY-20250905-EMP-BEN-BUILDER,980.10,,103150.68,PAYROLL,PAYNET-PAY-20250905-EMP-BEN-BUILDER
099999123453,05/09/2025,PAYROLL NET WAGE Amara Engineer PAY-20250905-EMP-AMARA-ENGINEER,1326.77,,104130.78,PAYROLL,PAYNET-PAY-20250905-EMP-AMARA-ENGINEER
099999123453,05/09/2025,PAYG WITHHOLDING REMITTANCE ATO Nina Sales Representative PAY-20250905-EMP-NINA-SALES,605.00,,105457.55,PAYROLL_TAX,PAYG-PAY-20250905-EMP-NINA-SALES
099999123453,05/09/2025,PAYG WITHHOLDING REMITTANCE ATO Grace High Income QA PAY-20250905-EMP-GRACE-HIG,1204.00,,106062.55,PAYROLL_TAX,PAYG-PAY-20250905-EMP-GRACE-HIG
099999123453,05/09/2025,PAYG WITHHOLDING REMITTANCE ATO Ben Builder PAY-20250905-EMP-BEN-BUILDER,211.00,,107266.55,PAYROLL_TAX,PAYG-PAY-20250905-EMP-BEN-BUILDER
099999123453,05/09/2025,PAYG WITHHOLDING REMITTANCE ATO Amara Engineer PAY-20250905-EMP-AMARA-ENGINEER,404.00,,107477.55,PAYROLL_TAX,PAYG-PAY-20250905-EMP-AMARA-ENGINEER
099999123453,03/09/2025,WITHDRAWAL-OSKO PAYMENT Bank BANKFEE-202508,35.00,,107881.55,PAYMENT,BTP-000008
099999123453,29/08/2025,SUPER CLEARING HOUSE Nina Sales Representative PAY-20250829-EMP-NINA-SALES,128.63,,107916.55,SUPER,SUPER-PAY-20250829-EMP-NINA-SALES
099999123453,29/08/2025,SUPER CLEARING HOUSE Grace High Income QA PAY-20250829-EMP-GRACE-HIG,438.46,,108045.18,SUPER,SUPER-PAY-20250829-EMP-GRACE-HIG
099999123453,29/08/2025,SUPER CLEARING HOUSE Ben Builder PAY-20250829-EMP-BEN-BUILDER,140.65,,108483.64,SUPER,SUPER-PAY-20250829-EMP-BEN-BUILDER
099999123453,29/08/2025,SUPER CLEARING HOUSE Amara Engineer PAY-20250829-EMP-AMARA-ENGINEER,207.69,,108624.29,SUPER,SUPER-PAY-20250829-EMP-AMARA-ENGINEER
099999123453,29/08/2025,PAYROLL NET WAGE Nina Sales Representative PAY-20250829-EMP-NINA-SALES,896.90,,108831.98,PAYROLL,PAYNET-PAY-20250829-EMP-NINA-SALES
099999123453,29/08/2025,PAYROLL NET WAGE Grace High Income QA PAY-20250829-EMP-GRACE-HIG,2449.85,,109728.88,PAYROLL,PAYNET-PAY-20250829-EMP-GRACE-HIG
099999123453,29/08/2025,PAYROLL NET WAGE Ben Builder PAY-20250829-EMP-BEN-BUILDER,966.10,,112178.73,PAYROLL,PAYNET-PAY-20250829-EMP-BEN-BUILDER
099999123453,29/08/2025,PAYROLL NET WAGE Amara Engineer PAY-20250829-EMP-AMARA-ENGINEER,1326.77,,113144.83,PAYROLL,PAYNET-PAY-20250829-EMP-AMARA-ENGINEER
099999123453,29/08/2025,PAYG WITHHOLDING REMITTANCE ATO Nina Sales Representative PAY-20250829-EMP-NINA-SALES,175.00,,114471.60,PAYROLL_TAX,PAYG-PAY-20250829-EMP-NINA-SALES
099999123453,29/08/2025,PAYG WITHHOLDING REMITTANCE ATO Grace High Income QA PAY-20250829-EMP-GRACE-HIG,1204.00,,114646.60,PAYROLL_TAX,PAYG-PAY-20250829-EMP-GRACE-HIG
099999123453,29/08/2025,PAYG WITHHOLDING REMITTANCE ATO Ben Builder PAY-20250829-EMP-BEN-BUILDER,206.00,,115850.60,PAYROLL_TAX,PAYG-PAY-20250829-EMP-BEN-BUILDER
099999123453,29/08/2025,PAYG WITHHOLDING REMITTANCE ATO Amara Engineer PAY-20250829-EMP-AMARA-ENGINEER,404.00,,116056.60,PAYROLL_TAX,PAYG-PAY-20250829-EMP-AMARA-ENGINEER
099999123453,25/08/2025,WITHDRAWAL-OSKO PAYMENT Liam Surveying Contractors Pty Ltd CONTRACT-202508,3520.00,,116460.60,PAYMENT,BTP-000007
099999123453,22/08/2025,SUPER CLEARING HOUSE Nina Sales Representative PAY-20250822-EMP-NINA-SALES,128.63,,119980.60,SUPER,SUPER-PAY-20250822-EMP-NINA-SALES
099999123453,22/08/2025,SUPER CLEARING HOUSE Grace High Income QA PAY-20250822-EMP-GRACE-HIG,438.46,,120109.23,SUPER,SUPER-PAY-20250822-EMP-GRACE-HIG
099999123453,22/08/2025,SUPER CLEARING HOUSE Ben Builder PAY-20250822-EMP-BEN-BUILDER,140.65,,120547.69,SUPER,SUPER-PAY-20250822-EMP-BEN-BUILDER
099999123453,22/08/2025,SUPER CLEARING HOUSE Amara Engineer PAY-20250822-EMP-AMARA-ENGINEER,207.69,,120688.34,SUPER,SUPER-PAY-20250822-EMP-AMARA-ENGINEER
099999123453,22/08/2025,PAYROLL NET WAGE Nina Sales Representative PAY-20250822-EMP-NINA-SALES,896.90,,120896.03,PAYROLL,PAYNET-PAY-20250822-EMP-NINA-SALES
099999123453,22/08/2025,PAYROLL NET WAGE Grace High Income QA PAY-20250822-EMP-GRACE-HIG,2449.85,,121792.93,PAYROLL,PAYNET-PAY-20250822-EMP-GRACE-HIG
099999123453,22/08/2025,PAYROLL NET WAGE Ben Builder PAY-20250822-EMP-BEN-BUILDER,966.10,,124242.78,PAYROLL,PAYNET-PAY-20250822-EMP-BEN-BUILDER
099999123453,22/08/2025,PAYROLL NET WAGE Amara Engineer PAY-20250822-EMP-AMARA-ENGINEER,1326.77,,125208.88,PAYROLL,PAYNET-PAY-20250822-EMP-AMARA-ENGINEER
099999123453,22/08/2025,PAYG WITHHOLDING REMITTANCE ATO Nina Sales Representative PAY-20250822-EMP-NINA-SALES,175.00,,126535.65,PAYROLL_TAX,PAYG-PAY-20250822-EMP-NINA-SALES
099999123453,22/08/2025,PAYG WITHHOLDING REMITTANCE ATO Grace High Income QA PAY-20250822-EMP-GRACE-HIG,1204.00,,126710.65,PAYROLL_TAX,PAYG-PAY-20250822-EMP-GRACE-HIG
099999123453,22/08/2025,PAYG WITHHOLDING REMITTANCE ATO Ben Builder PAY-20250822-EMP-BEN-BUILDER,206.00,,127914.65,PAYROLL_TAX,PAYG-PAY-20250822-EMP-BEN-BUILDER
099999123453,22/08/2025,PAYG WITHHOLDING REMITTANCE ATO Amara Engineer PAY-20250822-EMP-AMARA-ENGINEER,404.00,,128120.65,PAYROLL_TAX,PAYG-PAY-20250822-EMP-AMARA-ENGINEER
099999123453,22/08/2025,WITHDRAWAL-OSKO PAYMENT Cloud Software Vendors SOFT-202508,1595.00,,128524.65,PAYMENT,BTP-000006
099999123453,18/08/2025,DEPOSIT OSKO PAYMENT Project Client C INV-002,,84150.00,130119.65,DEP,BTR-000002
099999123453,16/08/2025,WITHDRAWAL-OSKO PAYMENT Harbour Property Trust RENT-202508,10120.00,,45969.65,PAYMENT,BTP-000005
099999123453,15/08/2025,SUPER CLEARING HOUSE Nina Sales Representative PAY-20250815-EMP-NINA-SALES,128.63,,56089.65,SUPER,SUPER-PAY-20250815-EMP-NINA-SALES
099999123453,15/08/2025,SUPER CLEARING HOUSE Grace High Income QA PAY-20250815-EMP-GRACE-HIG,438.46,,56218.28,SUPER,SUPER-PAY-20250815-EMP-GRACE-HIG
099999123453,15/08/2025,SUPER CLEARING HOUSE Ben Builder PAY-20250815-EMP-BEN-BUILDER,140.65,,56656.74,SUPER,SUPER-PAY-20250815-EMP-BEN-BUILDER
099999123453,15/08/2025,SUPER CLEARING HOUSE Amara Engineer PAY-20250815-EMP-AMARA-ENGINEER,207.69,,56797.39,SUPER,SUPER-PAY-20250815-EMP-AMARA-ENGINEER
099999123453,15/08/2025,PAYROLL NET WAGE Nina Sales Representative PAY-20250815-EMP-NINA-SALES,896.90,,57005.08,PAYROLL,PAYNET-PAY-20250815-EMP-NINA-SALES
099999123453,15/08/2025,PAYROLL NET WAGE Grace High Income QA PAY-20250815-EMP-GRACE-HIG,2449.85,,57901.98,PAYROLL,PAYNET-PAY-20250815-EMP-GRACE-HIG
099999123453,15/08/2025,PAYROLL NET WAGE Ben Builder PAY-20250815-EMP-BEN-BUILDER,966.10,,60351.83,PAYROLL,PAYNET-PAY-20250815-EMP-BEN-BUILDER
099999123453,15/08/2025,PAYROLL NET WAGE Amara Engineer PAY-20250815-EMP-AMARA-ENGINEER,1326.77,,61317.93,PAYROLL,PAYNET-PAY-20250815-EMP-AMARA-ENGINEER
099999123453,15/08/2025,PAYG WITHHOLDING REMITTANCE ATO Nina Sales Representative PAY-20250815-EMP-NINA-SALES,175.00,,62644.70,PAYROLL_TAX,PAYG-PAY-20250815-EMP-NINA-SALES
099999123453,15/08/2025,PAYG WITHHOLDING REMITTANCE ATO Grace High Income QA PAY-20250815-EMP-GRACE-HIG,1204.00,,62819.70,PAYROLL_TAX,PAYG-PAY-20250815-EMP-GRACE-HIG
099999123453,15/08/2025,PAYG WITHHOLDING REMITTANCE ATO Ben Builder PAY-20250815-EMP-BEN-BUILDER,206.00,,64023.70,PAYROLL_TAX,PAYG-PAY-20250815-EMP-BEN-BUILDER
099999123453,15/08/2025,PAYG WITHHOLDING REMITTANCE ATO Amara Engineer PAY-20250815-EMP-AMARA-ENGINEER,404.00,,64229.70,PAYROLL_TAX,PAYG-PAY-20250815-EMP-AMARA-ENGINEER
099999123453,08/08/2025,SUPER CLEARING HOUSE Nina Sales Representative PAY-20250808-EMP-NINA-SALES,128.63,,64633.70,SUPER,SUPER-PAY-20250808-EMP-NINA-SALES
099999123453,08/08/2025,SUPER CLEARING HOUSE Grace High Income QA PAY-20250808-EMP-GRACE-HIG,438.46,,64762.33,SUPER,SUPER-PAY-20250808-EMP-GRACE-HIG
099999123453,08/08/2025,SUPER CLEARING HOUSE Ben Builder PAY-20250808-EMP-BEN-BUILDER,140.65,,65200.79,SUPER,SUPER-PAY-20250808-EMP-BEN-BUILDER
099999123453,08/08/2025,SUPER CLEARING HOUSE Amara Engineer PAY-20250808-EMP-AMARA-ENGINEER,207.69,,65341.44,SUPER,SUPER-PAY-20250808-EMP-AMARA-ENGINEER
099999123453,08/08/2025,PAYROLL NET WAGE Nina Sales Representative PAY-20250808-EMP-NINA-SALES,896.90,,65549.13,PAYROLL,PAYNET-PAY-20250808-EMP-NINA-SALES
099999123453,08/08/2025,PAYROLL NET WAGE Grace High Income QA PAY-20250808-EMP-GRACE-HIG,2449.85,,66446.03,PAYROLL,PAYNET-PAY-20250808-EMP-GRACE-HIG
099999123453,08/08/2025,PAYROLL NET WAGE Ben Builder PAY-20250808-EMP-BEN-BUILDER,966.10,,68895.88,PAYROLL,PAYNET-PAY-20250808-EMP-BEN-BUILDER
099999123453,08/08/2025,PAYROLL NET WAGE Amara Engineer PAY-20250808-EMP-AMARA-ENGINEER,1326.77,,69861.98,PAYROLL,PAYNET-PAY-20250808-EMP-AMARA-ENGINEER
099999123453,08/08/2025,PAYG WITHHOLDING REMITTANCE ATO Nina Sales Representative PAY-20250808-EMP-NINA-SALES,175.00,,71188.75,PAYROLL_TAX,PAYG-PAY-20250808-EMP-NINA-SALES
099999123453,08/08/2025,PAYG WITHHOLDING REMITTANCE ATO Grace High Income QA PAY-20250808-EMP-GRACE-HIG,1204.00,,71363.75,PAYROLL_TAX,PAYG-PAY-20250808-EMP-GRACE-HIG
099999123453,08/08/2025,PAYG WITHHOLDING REMITTANCE ATO Ben Builder PAY-20250808-EMP-BEN-BUILDER,206.00,,72567.75,PAYROLL_TAX,PAYG-PAY-20250808-EMP-BEN-BUILDER
099999123453,08/08/2025,PAYG WITHHOLDING REMITTANCE ATO Amara Engineer PAY-20250808-EMP-AMARA-ENGINEER,404.00,,72773.75,PAYROLL_TAX,PAYG-PAY-20250808-EMP-AMARA-ENGINEER
099999123453,03/08/2025,WITHDRAWAL-OSKO PAYMENT Bank BANKFEE-202507,35.00,,73177.75,PAYMENT,BTP-000004
099999123453,01/08/2025,SUPER CLEARING HOUSE Nina Sales Representative PAY-20250801-EMP-NINA-SALES,272.63,,73212.75,SUPER,SUPER-PAY-20250801-EMP-NINA-SALES
099999123453,01/08/2025,SUPER CLEARING HOUSE Grace High Income QA PAY-20250801-EMP-GRACE-HIG,438.46,,73485.38,SUPER,SUPER-PAY-20250801-EMP-GRACE-HIG
099999123453,01/08/2025,SUPER CLEARING HOUSE Ben Builder PAY-20250801-EMP-BEN-BUILDER,140.65,,73923.84,SUPER,SUPER-PAY-20250801-EMP-BEN-BUILDER
099999123453,01/08/2025,SUPER CLEARING HOUSE Amara Engineer PAY-20250801-EMP-AMARA-ENGINEER,207.69,,74064.49,SUPER,SUPER-PAY-20250801-EMP-AMARA-ENGINEER
099999123453,01/08/2025,PAYROLL NET WAGE Nina Sales Representative PAY-20250801-EMP-NINA-SALES,1666.90,,74272.18,PAYROLL,PAYNET-PAY-20250801-EMP-NINA-SALES
099999123453,01/08/2025,PAYROLL NET WAGE Grace High Income QA PAY-20250801-EMP-GRACE-HIG,2449.85,,75939.08,PAYROLL,PAYNET-PAY-20250801-EMP-GRACE-HIG
099999123453,01/08/2025,PAYROLL NET WAGE Ben Builder PAY-20250801-EMP-BEN-BUILDER,980.10,,78388.93,PAYROLL,PAYNET-PAY-20250801-EMP-BEN-BUILDER
099999123453,01/08/2025,PAYROLL NET WAGE Amara Engineer PAY-20250801-EMP-AMARA-ENGINEER,1326.77,,79369.03,PAYROLL,PAYNET-PAY-20250801-EMP-AMARA-ENGINEER
099999123453,01/08/2025,PAYG WITHHOLDING REMITTANCE ATO Nina Sales Representative PAY-20250801-EMP-NINA-SALES,605.00,,80695.80,PAYROLL_TAX,PAYG-PAY-20250801-EMP-NINA-SALES
099999123453,01/08/2025,PAYG WITHHOLDING REMITTANCE ATO Grace High Income QA PAY-20250801-EMP-GRACE-HIG,1204.00,,81300.80,PAYROLL_TAX,PAYG-PAY-20250801-EMP-GRACE-HIG
099999123453,01/08/2025,PAYG WITHHOLDING REMITTANCE ATO Ben Builder PAY-20250801-EMP-BEN-BUILDER,211.00,,82504.80,PAYROLL_TAX,PAYG-PAY-20250801-EMP-BEN-BUILDER
099999123453,01/08/2025,PAYG WITHHOLDING REMITTANCE ATO Amara Engineer PAY-20250801-EMP-AMARA-ENGINEER,404.00,,82715.80,PAYROLL_TAX,PAYG-PAY-20250801-EMP-AMARA-ENGINEER
099999123453,25/07/2025,SUPER CLEARING HOUSE Nina Sales Representative PAY-20250725-EMP-NINA-SALES,128.63,,83119.80,SUPER,SUPER-PAY-20250725-EMP-NINA-SALES
099999123453,25/07/2025,SUPER CLEARING HOUSE Grace High Income QA PAY-20250725-EMP-GRACE-HIG,438.46,,83248.43,SUPER,SUPER-PAY-20250725-EMP-GRACE-HIG
099999123453,25/07/2025,SUPER CLEARING HOUSE Ben Builder PAY-20250725-EMP-BEN-BUILDER,140.65,,83686.89,SUPER,SUPER-PAY-20250725-EMP-BEN-BUILDER
099999123453,25/07/2025,SUPER CLEARING HOUSE Amara Engineer PAY-20250725-EMP-AMARA-ENGINEER,207.69,,83827.54,SUPER,SUPER-PAY-20250725-EMP-AMARA-ENGINEER
099999123453,25/07/2025,PAYROLL NET WAGE Nina Sales Representative PAY-20250725-EMP-NINA-SALES,896.90,,84035.23,PAYROLL,PAYNET-PAY-20250725-EMP-NINA-SALES
099999123453,25/07/2025,PAYROLL NET WAGE Grace High Income QA PAY-20250725-EMP-GRACE-HIG,2449.85,,84932.13,PAYROLL,PAYNET-PAY-20250725-EMP-GRACE-HIG
099999123453,25/07/2025,PAYROLL NET WAGE Ben Builder PAY-20250725-EMP-BEN-BUILDER,966.10,,87381.98,PAYROLL,PAYNET-PAY-20250725-EMP-BEN-BUILDER
099999123453,25/07/2025,PAYROLL NET WAGE Amara Engineer PAY-20250725-EMP-AMARA-ENGINEER,1326.77,,88348.08,PAYROLL,PAYNET-PAY-20250725-EMP-AMARA-ENGINEER
099999123453,25/07/2025,PAYG WITHHOLDING REMITTANCE ATO Nina Sales Representative PAY-20250725-EMP-NINA-SALES,175.00,,89674.85,PAYROLL_TAX,PAYG-PAY-20250725-EMP-NINA-SALES
099999123453,25/07/2025,PAYG WITHHOLDING REMITTANCE ATO Grace High Income QA PAY-20250725-EMP-GRACE-HIG,1204.00,,89849.85,PAYROLL_TAX,PAYG-PAY-20250725-EMP-GRACE-HIG
099999123453,25/07/2025,PAYG WITHHOLDING REMITTANCE ATO Ben Builder PAY-20250725-EMP-BEN-BUILDER,206.00,,91053.85,PAYROLL_TAX,PAYG-PAY-20250725-EMP-BEN-BUILDER
099999123453,25/07/2025,PAYG WITHHOLDING REMITTANCE ATO Amara Engineer PAY-20250725-EMP-AMARA-ENGINEER,404.00,,91259.85,PAYROLL_TAX,PAYG-PAY-20250725-EMP-AMARA-ENGINEER
099999123453,25/07/2025,WITHDRAWAL-OSKO PAYMENT Liam Surveying Contractors Pty Ltd CONTRACT-202507,3520.00,,91663.85,PAYMENT,BTP-000003
099999123453,22/07/2025,WITHDRAWAL-OSKO PAYMENT Cloud Software Vendors SOFT-202507,1595.00,,95183.85,PAYMENT,BTP-000002
099999123453,18/07/2025,SUPER CLEARING HOUSE Nina Sales Representative PAY-20250718-EMP-NINA-SALES,128.63,,96778.85,SUPER,SUPER-PAY-20250718-EMP-NINA-SALES
099999123453,18/07/2025,SUPER CLEARING HOUSE Grace High Income QA PAY-20250718-EMP-GRACE-HIG,438.46,,96907.48,SUPER,SUPER-PAY-20250718-EMP-GRACE-HIG
099999123453,18/07/2025,SUPER CLEARING HOUSE Ben Builder PAY-20250718-EMP-BEN-BUILDER,140.65,,97345.94,SUPER,SUPER-PAY-20250718-EMP-BEN-BUILDER
099999123453,18/07/2025,SUPER CLEARING HOUSE Amara Engineer PAY-20250718-EMP-AMARA-ENGINEER,207.69,,97486.59,SUPER,SUPER-PAY-20250718-EMP-AMARA-ENGINEER
099999123453,18/07/2025,PAYROLL NET WAGE Nina Sales Representative PAY-20250718-EMP-NINA-SALES,896.90,,97694.28,PAYROLL,PAYNET-PAY-20250718-EMP-NINA-SALES
099999123453,18/07/2025,PAYROLL NET WAGE Grace High Income QA PAY-20250718-EMP-GRACE-HIG,2449.85,,98591.18,PAYROLL,PAYNET-PAY-20250718-EMP-GRACE-HIG
099999123453,18/07/2025,PAYROLL NET WAGE Ben Builder PAY-20250718-EMP-BEN-BUILDER,966.10,,101041.03,PAYROLL,PAYNET-PAY-20250718-EMP-BEN-BUILDER
099999123453,18/07/2025,PAYROLL NET WAGE Amara Engineer PAY-20250718-EMP-AMARA-ENGINEER,1326.77,,102007.13,PAYROLL,PAYNET-PAY-20250718-EMP-AMARA-ENGINEER
099999123453,18/07/2025,PAYG WITHHOLDING REMITTANCE ATO Nina Sales Representative PAY-20250718-EMP-NINA-SALES,175.00,,103333.90,PAYROLL_TAX,PAYG-PAY-20250718-EMP-NINA-SALES
099999123453,18/07/2025,PAYG WITHHOLDING REMITTANCE ATO Grace High Income QA PAY-20250718-EMP-GRACE-HIG,1204.00,,103508.90,PAYROLL_TAX,PAYG-PAY-20250718-EMP-GRACE-HIG
099999123453,18/07/2025,PAYG WITHHOLDING REMITTANCE ATO Ben Builder PAY-20250718-EMP-BEN-BUILDER,206.00,,104712.90,PAYROLL_TAX,PAYG-PAY-20250718-EMP-BEN-BUILDER
099999123453,18/07/2025,PAYG WITHHOLDING REMITTANCE ATO Amara Engineer PAY-20250718-EMP-AMARA-ENGINEER,404.00,,104918.90,PAYROLL_TAX,PAYG-PAY-20250718-EMP-AMARA-ENGINEER
099999123453,18/07/2025,DEPOSIT OSKO PAYMENT Project Client B INV-001,,83875.00,105322.90,DEP,BTR-000001
099999123453,16/07/2025,WITHDRAWAL-OSKO PAYMENT Harbour Property Trust RENT-202507,10120.00,,21447.90,PAYMENT,BTP-000001
099999123453,11/07/2025,SUPER CLEARING HOUSE Nina Sales Representative PAY-20250711-EMP-NINA-SALES,128.63,,31567.90,SUPER,SUPER-PAY-20250711-EMP-NINA-SALES
099999123453,11/07/2025,SUPER CLEARING HOUSE Grace High Income QA PAY-20250711-EMP-GRACE-HIG,438.46,,31696.53,SUPER,SUPER-PAY-20250711-EMP-GRACE-HIG
099999123453,11/07/2025,SUPER CLEARING HOUSE Ben Builder PAY-20250711-EMP-BEN-BUILDER,140.65,,32134.99,SUPER,SUPER-PAY-20250711-EMP-BEN-BUILDER
099999123453,11/07/2025,SUPER CLEARING HOUSE Amara Engineer PAY-20250711-EMP-AMARA-ENGINEER,207.69,,32275.64,SUPER,SUPER-PAY-20250711-EMP-AMARA-ENGINEER
099999123453,11/07/2025,PAYROLL NET WAGE Nina Sales Representative PAY-20250711-EMP-NINA-SALES,896.90,,32483.33,PAYROLL,PAYNET-PAY-20250711-EMP-NINA-SALES
099999123453,11/07/2025,PAYROLL NET WAGE Grace High Income QA PAY-20250711-EMP-GRACE-HIG,2449.85,,33380.23,PAYROLL,PAYNET-PAY-20250711-EMP-GRACE-HIG
099999123453,11/07/2025,PAYROLL NET WAGE Ben Builder PAY-20250711-EMP-BEN-BUILDER,966.10,,35830.08,PAYROLL,PAYNET-PAY-20250711-EMP-BEN-BUILDER
099999123453,11/07/2025,PAYROLL NET WAGE Amara Engineer PAY-20250711-EMP-AMARA-ENGINEER,1326.77,,36796.18,PAYROLL,PAYNET-PAY-20250711-EMP-AMARA-ENGINEER
099999123453,11/07/2025,PAYG WITHHOLDING REMITTANCE ATO Nina Sales Representative PAY-20250711-EMP-NINA-SALES,175.00,,38122.95,PAYROLL_TAX,PAYG-PAY-20250711-EMP-NINA-SALES
099999123453,11/07/2025,PAYG WITHHOLDING REMITTANCE ATO Grace High Income QA PAY-20250711-EMP-GRACE-HIG,1204.00,,38297.95,PAYROLL_TAX,PAYG-PAY-20250711-EMP-GRACE-HIG
099999123453,11/07/2025,PAYG WITHHOLDING REMITTANCE ATO Ben Builder PAY-20250711-EMP-BEN-BUILDER,206.00,,39501.95,PAYROLL_TAX,PAYG-PAY-20250711-EMP-BEN-BUILDER
099999123453,11/07/2025,PAYG WITHHOLDING REMITTANCE ATO Amara Engineer PAY-20250711-EMP-AMARA-ENGINEER,404.00,,39707.95,PAYROLL_TAX,PAYG-PAY-20250711-EMP-AMARA-ENGINEER
099999123453,04/07/2025,SUPER CLEARING HOUSE Nina Sales Representative PAY-20250704-EMP-NINA-SALES,272.63,,40111.95,SUPER,SUPER-PAY-20250704-EMP-NINA-SALES
099999123453,04/07/2025,SUPER CLEARING HOUSE Grace High Income QA PAY-20250704-EMP-GRACE-HIG,438.46,,40384.58,SUPER,SUPER-PAY-20250704-EMP-GRACE-HIG
099999123453,04/07/2025,SUPER CLEARING HOUSE Ben Builder PAY-20250704-EMP-BEN-BUILDER,140.65,,40823.04,SUPER,SUPER-PAY-20250704-EMP-BEN-BUILDER
099999123453,04/07/2025,SUPER CLEARING HOUSE Amara Engineer PAY-20250704-EMP-AMARA-ENGINEER,207.69,,40963.69,SUPER,SUPER-PAY-20250704-EMP-AMARA-ENGINEER
099999123453,04/07/2025,PAYROLL NET WAGE Nina Sales Representative PAY-20250704-EMP-NINA-SALES,1666.90,,41171.38,PAYROLL,PAYNET-PAY-20250704-EMP-NINA-SALES
099999123453,04/07/2025,PAYROLL NET WAGE Grace High Income QA PAY-20250704-EMP-GRACE-HIG,2449.85,,42838.28,PAYROLL,PAYNET-PAY-20250704-EMP-GRACE-HIG
099999123453,04/07/2025,PAYROLL NET WAGE Ben Builder PAY-20250704-EMP-BEN-BUILDER,966.10,,45288.13,PAYROLL,PAYNET-PAY-20250704-EMP-BEN-BUILDER
099999123453,04/07/2025,PAYROLL NET WAGE Amara Engineer PAY-20250704-EMP-AMARA-ENGINEER,1326.77,,46254.23,PAYROLL,PAYNET-PAY-20250704-EMP-AMARA-ENGINEER
099999123453,04/07/2025,PAYG WITHHOLDING REMITTANCE ATO Nina Sales Representative PAY-20250704-EMP-NINA-SALES,605.00,,47581.00,PAYROLL_TAX,PAYG-PAY-20250704-EMP-NINA-SALES
099999123453,04/07/2025,PAYG WITHHOLDING REMITTANCE ATO Grace High Income QA PAY-20250704-EMP-GRACE-HIG,1204.00,,48186.00,PAYROLL_TAX,PAYG-PAY-20250704-EMP-GRACE-HIG
099999123453,04/07/2025,PAYG WITHHOLDING REMITTANCE ATO Ben Builder PAY-20250704-EMP-BEN-BUILDER,206.00,,49390.00,PAYROLL_TAX,PAYG-PAY-20250704-EMP-BEN-BUILDER
099999123453,04/07/2025,PAYG WITHHOLDING REMITTANCE ATO Amara Engineer PAY-20250704-EMP-AMARA-ENGINEER,404.00,,49596.00,PAYROLL_TAX,PAYG-PAY-20250704-EMP-AMARA-ENGINEER
