Bank Account,Date,Narrative,Debit Amount,Credit Amount,Balance,Categories,Serial
099999123453,04/07/2026,WITHDRAWAL-OSKO PAYMENT Bank BANKFEE-202606,35.00,,430801.40,PAYMENT,BTP-000048
099999123453,26/06/2026,SUPER CLEARING HOUSE Nina Sales Representative PAY-20260626-EMP-NINA-SALES,128.63,,439251.82,SUPER,SUPER-PAY-20260626-EMP-NINA-SALES
099999123453,26/06/2026,SUPER CLEARING HOUSE Grace High Income QA PAY-20260626-EMP-GRACE-HIG,438.46,,438813.36,SUPER,SUPER-PAY-20260626-EMP-GRACE-HIG
099999123453,26/06/2026,SUPER CLEARING HOUSE Ben Builder PAY-20260626-EMP-BEN-BUILDER,140.65,,438672.71,SUPER,SUPER-PAY-20260626-EMP-BEN-BUILDER
099999123453,26/06/2026,SUPER CLEARING HOUSE Amara Engineer PAY-20260626-EMP-AMARA-ENGINEER,207.69,,438465.02,SUPER,SUPER-PAY-20260626-EMP-AMARA-ENGINEER
099999123453,26/06/2026,PAYROLL NET WAGE Nina Sales Representative PAY-20260626-EMP-NINA-SALES,906.90,,437558.12,PAYROLL,PAYNET-PAY-20260626-EMP-NINA-SALES
099999123453,26/06/2026,PAYROLL NET WAGE Grace High Income QA PAY-20260626-EMP-GRACE-HIG,2607.79,,434950.33,PAYROLL,PAYNET-PAY-20260626-EMP-GRACE-HIG
099999123453,26/06/2026,PAYROLL NET WAGE Ben Builder PAY-20260626-EMP-BEN-BUILDER,974.10,,433976.23,PAYROLL,PAYNET-PAY-20260626-EMP-BEN-BUILDER
099999123453,26/06/2026,PAYROLL NET WAGE Amara Engineer PAY-20260626-EMP-AMARA-ENGINEER,1353.77,,432622.46,PAYROLL,PAYNET-PAY-20260626-EMP-AMARA-ENGINEER
099999123453,26/06/2026,PAYG WITHHOLDING REMITTANCE ATO Nina Sales Representative PAY-20260626-EMP-NINA-SALES,165.00,,432457.46,PAYROLL_TAX,PAYG-PAY-20260626-EMP-NINA-SALES
099999123453,26/06/2026,PAYG WITHHOLDING REMITTANCE ATO Grace High Income QA PAY-20260626-EMP-GRACE-HIG,1046.06,,431411.40,PAYROLL_TAX,PAYG-PAY-20260626-EMP-GRACE-HIG
099999123453,26/06/2026,PAYG WITHHOLDING REMITTANCE ATO Ben Builder PAY-20260626-EMP-BEN-BUILDER,198.00,,431213.40,PAYROLL_TAX,PAYG-PAY-20260626-EMP-BEN-BUILDER
099999123453,26/06/2026,PAYG WITHHOLDING REMITTANCE ATO Amara Engineer PAY-20260626-EMP-AMARA-ENGINEER,377.00,,430836.40,PAYROLL_TAX,PAYG-PAY-20260626-EMP-AMARA-ENGINEER
099999123453,25/06/2026,WITHDRAWAL-OSKO PAYMENT Liam Surveying Contractors Pty Ltd CONTRACT-202606,3520.00,,439380.45,PAYMENT,BTP-000047
099999123453,22/06/2026,WITHDRAWAL-OSKO PAYMENT Cloud Software Vendors SOFT-202606,1595.00,,442900.45,PAYMENT,BTP-000046
099999123453,19/06/2026,SUPER CLEARING HOUSE Nina Sales Representative PAY-20260619-EMP-NINA-SALES,128.63,,452910.87,SUPER,SUPER-PAY-20260619-EMP-NINA-SALES
099999123453,19/06/2026,SUPER CLEARING HOUSE Grace High Income QA PAY-20260619-EMP-GRACE-HIG,438.46,,452472.41,SUPER,SUPER-PAY-20260619-EMP-GRACE-HIG
099999123453,19/06/2026,SUPER CLEARING HOUSE Ben Builder PAY-20260619-EMP-BEN-BUILDER,140.65,,452331.76,SUPER,SUPER-PAY-20260619-EMP-BEN-BUILDER
099999123453,19/06/2026,SUPER CLEARING HOUSE Amara Engineer PAY-20260619-EMP-AMARA-ENGINEER,207.69,,452124.07,SUPER,SUPER-PAY-20260619-EMP-AMARA-ENGINEER
099999123453,19/06/2026,PAYROLL NET WAGE Nina Sales Representative PAY-20260619-EMP-NINA-SALES,906.90,,451217.17,PAYROLL,PAYNET-PAY-20260619-EMP-NINA-SALES
099999123453,19/06/2026,PAYROLL NET WAGE Grace High Income QA PAY-20260619-EMP-GRACE-HIG,2607.79,,448609.38,PAYROLL,PAYNET-PAY-20260619-EMP-GRACE-HIG
099999123453,19/06/2026,PAYROLL NET WAGE Ben Builder PAY-20260619-EMP-BEN-BUILDER,974.10,,447635.28,PAYROLL,PAYNET-PAY-20260619-EMP-BEN-BUILDER
099999123453,19/06/2026,PAYROLL NET WAGE Amara Engineer PAY-20260619-EMP-AMARA-ENGINEER,1353.77,,446281.51,PAYROLL,PAYNET-PAY-20260619-EMP-AMARA-ENGINEER
099999123453,19/06/2026,PAYG WITHHOLDING REMITTANCE ATO Nina Sales Representative PAY-20260619-EMP-NINA-SALES,165.00,,446116.51,PAYROLL_TAX,PAYG-PAY-20260619-EMP-NINA-SALES
099999123453,19/06/2026,PAYG WITHHOLDING REMITTANCE ATO Grace High Income QA PAY-20260619-EMP-GRACE-HIG,1046.06,,445070.45,PAYROLL_TAX,PAYG-PAY-20260619-EMP-GRACE-HIG
099999123453,19/06/2026,PAYG WITHHOLDING REMITTANCE ATO Ben Builder PAY-20260619-EMP-BEN-BUILDER,198.00,,444872.45,PAYROLL_TAX,PAYG-PAY-20260619-EMP-BEN-BUILDER
099999123453,19/06/2026,PAYG WITHHOLDING REMITTANCE ATO Amara Engineer PAY-20260619-EMP-AMARA-ENGINEER,377.00,,444495.45,PAYROLL_TAX,PAYG-PAY-20260619-EMP-AMARA-ENGINEER
099999123453,18/06/2026,DEPOSIT OSKO PAYMENT Project Client A INV-012,,86900.00,453039.50,DEP,BTR-000012
099999123453,16/06/2026,WITHDRAWAL-OSKO PAYMENT Harbour Property Trust RENT-202606,10120.00,,366139.50,PAYMENT,BTP-000045
099999123453,12/06/2026,SUPER CLEARING HOUSE Nina Sales Representative PAY-20260612-EMP-NINA-SALES,128.63,,384693.92,SUPER,SUPER-PAY-20260612-EMP-NINA-SALES
099999123453,12/06/2026,SUPER CLEARING HOUSE Grace High Income QA PAY-20260612-EMP-GRACE-HIG,438.46,,384255.46,SUPER,SUPER-PAY-20260612-EMP-GRACE-HIG
099999123453,12/06/2026,SUPER CLEARING HOUSE Ben Builder PAY-20260612-EMP-BEN-BUILDER,140.65,,384114.81,SUPER,SUPER-PAY-20260612-EMP-BEN-BUILDER
099999123453,12/06/2026,SUPER CLEARING HOUSE Amara Engineer PAY-20260612-EMP-AMARA-ENGINEER,207.69,,383907.12,SUPER,SUPER-PAY-20260612-EMP-AMARA-ENGINEER
099999123453,12/06/2026,PAYROLL NET WAGE Nina Sales Representative PAY-20260612-EMP-NINA-SALES,906.90,,383000.22,PAYROLL,PAYNET-PAY-20260612-EMP-NINA-SALES
099999123453,12/06/2026,PAYROLL NET WAGE Grace High Income QA PAY-20260612-EMP-GRACE-HIG,2607.79,,380392.43,PAYROLL,PAYNET-PAY-20260612-EMP-GRACE-HIG
099999123453,12/06/2026,PAYROLL NET WAGE Ben Builder PAY-20260612-EMP-BEN-BUILDER,987.10,,379405.33,PAYROLL,PAYNET-PAY-20260612-EMP-BEN-BUILDER
099999123453,12/06/2026,PAYROLL NET WAGE Amara Engineer PAY-20260612-EMP-AMARA-ENGINEER,1353.77,,378051.56,PAYROLL,PAYNET-PAY-20260612-EMP-AMARA-ENGINEER
099999123453,12/06/2026,PAYG WITHHOLDING REMITTANCE ATO Nina Sales Representative PAY-20260612-EMP-NINA-SALES,165.00,,377886.56,PAYROLL_TAX,PAYG-PAY-20260612-EMP-NINA-SALES
099999123453,12/06/2026,PAYG WITHHOLDING REMITTANCE ATO Grace High Income QA PAY-20260612-EMP-GRACE-HIG,1046.06,,376840.50,PAYROLL_TAX,PAYG-PAY-20260612-EMP-GRACE-HIG
099999123453,12/06/2026,PAYG WITHHOLDING REMITTANCE ATO Ben Builder PAY-20260612-EMP-BEN-BUILDER,204.00,,376636.50,PAYROLL_TAX,PAYG-PAY-20260612-EMP-BEN-BUILDER
099999123453,12/06/2026,PAYG WITHHOLDING REMITTANCE ATO Amara Engineer PAY-20260612-EMP-AMARA-ENGINEER,377.00,,376259.50,PAYROLL_TAX,PAYG-PAY-20260612-EMP-AMARA-ENGINEER
099999123453,05/06/2026,SUPER CLEARING HOUSE Nina Sales Representative PAY-20260605-EMP-NINA-SALES,272.63,,394437.97,SUPER,SUPER-PAY-20260605-EMP-NINA-SALES
099999123453,05/06/2026,SUPER CLEARING HOUSE Grace High Income QA PAY-20260605-EMP-GRACE-HIG,438.46,,393999.51,SUPER,SUPER-PAY-20260605-EMP-GRACE-HIG
099999123453,05/06/2026,SUPER CLEARING HOUSE Ben Builder PAY-20260605-EMP-BEN-BUILDER,140.65,,393858.86,SUPER,SUPER-PAY-20260605-EMP-BEN-BUILDER
099999123453,05/06/2026,SUPER CLEARING HOUSE Amara Engineer PAY-20260605-EMP-AMARA-ENGINEER,207.69,,393651.17,SUPER,SUPER-PAY-20260605-EMP-AMARA-ENGINEER
099999123453,05/06/2026,PAYROLL NET WAGE Nina Sales Representative PAY-20260605-EMP-NINA-SALES,1721.90,,391929.27,PAYROLL,PAYNET-PAY-20260605-EMP-NINA-SALES
099999123453,05/06/2026,PAYROLL NET WAGE Grace High Income QA PAY-20260605-EMP-GRACE-HIG,2607.79,,389321.48,PAYROLL,PAYNET-PAY-20260605-EMP-GRACE-HIG
099999123453,05/06/2026,PAYROLL NET WAGE Ben Builder PAY-20260605-EMP-BEN-BUILDER,974.10,,388347.38,PAYROLL,PAYNET-PAY-20260605-EMP-BEN-BUILDER
099999123453,05/06/2026,PAYROLL NET WAGE Amara Engineer PAY-20260605-EMP-AMARA-ENGINEER,1353.77,,386993.61,PAYROLL,PAYNET-PAY-20260605-EMP-AMARA-ENGINEER
099999123453,05/06/2026,PAYG WITHHOLDING REMITTANCE ATO Nina Sales Representative PAY-20260605-EMP-NINA-SALES,550.00,,386443.61,PAYROLL_TAX,PAYG-PAY-20260605-EMP-NINA-SALES
099999123453,05/06/2026,PAYG WITHHOLDING REMITTANCE ATO Grace High Income QA PAY-20260605-EMP-GRACE-HIG,1046.06,,385397.55,PAYROLL_TAX,PAYG-PAY-20260605-EMP-GRACE-HIG
099999123453,05/06/2026,PAYG WITHHOLDING REMITTANCE ATO Ben Builder PAY-20260605-EMP-BEN-BUILDER,198.00,,385199.55,PAYROLL_TAX,PAYG-PAY-20260605-EMP-BEN-BUILDER
099999123453,05/06/2026,PAYG WITHHOLDING REMITTANCE ATO Amara Engineer PAY-20260605-EMP-AMARA-ENGINEER,377.00,,384822.55,PAYROLL_TAX,PAYG-PAY-20260605-EMP-AMARA-ENGINEER
099999123453,03/06/2026,WITHDRAWAL-OSKO PAYMENT Bank BANKFEE-202605,35.00,,394710.60,PAYMENT,BTP-000044
099999123453,29/05/2026,SUPER CLEARING HOUSE Nina Sales Representative PAY-20260529-EMP-NINA-SALES,128.63,,403161.02,SUPER,SUPER-PAY-20260529-EMP-NINA-SALES
099999123453,29/05/2026,SUPER CLEARING HOUSE Grace High Income QA PAY-20260529-EMP-GRACE-HIG,438.46,,402722.56,SUPER,SUPER-PAY-20260529-EMP-GRACE-HIG
099999123453,29/05/2026,SUPER CLEARING HOUSE Ben Builder PAY-20260529-EMP-BEN-BUILDER,140.65,,402581.91,SUPER,SUPER-PAY-20260529-EMP-BEN-BUILDER
099999123453,29/05/2026,SUPER CLEARING HOUSE Amara Engineer PAY-20260529-EMP-AMARA-ENGINEER,207.69,,402374.22,SUPER,SUPER-PAY-20260529-EMP-AMARA-ENGINEER
099999123453,29/05/2026,PAYROLL NET WAGE Nina Sales Representative PAY-20260529-EMP-NINA-SALES,906.90,,401467.32,PAYROLL,PAYNET-PAY-20260529-EMP-NINA-SALES
099999123453,29/05/2026,PAYROLL NET WAGE Grace High Income QA PAY-20260529-EMP-GRACE-HIG,2607.79,,398859.53,PAYROLL,PAYNET-PAY-20260529-EMP-GRACE-HIG
099999123453,29/05/2026,PAYROLL NET WAGE Ben Builder PAY-20260529-EMP-BEN-BUILDER,974.10,,397885.43,PAYROLL,PAYNET-PAY-20260529-EMP-BEN-BUILDER
099999123453,29/05/2026,PAYROLL NET WAGE Amara Engineer PAY-20260529-EMP-AMARA-ENGINEER,1353.77,,396531.66,PAYROLL,PAYNET-PAY-20260529-EMP-AMARA-ENGINEER
099999123453,29/05/2026,PAYG WITHHOLDING REMITTANCE ATO Nina Sales Representative PAY-20260529-EMP-NINA-SALES,165.00,,396366.66,PAYROLL_TAX,PAYG-PAY-20260529-EMP-NINA-SALES
099999123453,29/05/2026,PAYG WITHHOLDING REMITTANCE ATO Grace High Income QA PAY-20260529-EMP-GRACE-HIG,1046.06,,395320.60,PAYROLL_TAX,PAYG-PAY-20260529-EMP-GRACE-HIG
099999123453,29/05/2026,PAYG WITHHOLDING REMITTANCE ATO Ben Builder PAY-20260529-EMP-BEN-BUILDER,198.00,,395122.60,PAYROLL_TAX,PAYG-PAY-20260529-EMP-BEN-BUILDER
099999123453,29/05/2026,PAYG WITHHOLDING REMITTANCE ATO Amara Engineer PAY-20260529-EMP-AMARA-ENGINEER,377.00,,394745.60,PAYROLL_TAX,PAYG-PAY-20260529-EMP-AMARA-ENGINEER
099999123453,25/05/2026,WITHDRAWAL-OSKO PAYMENT Liam Surveying Contractors Pty Ltd CONTRACT-202605,3520.00,,403289.65,PAYMENT,BTP-000043
099999123453,22/05/2026,SUPER CLEARING HOUSE Nina Sales Representative PAY-20260522-EMP-NINA-SALES,128.63,,416820.07,SUPER,SUPER-PAY-20260522-EMP-NINA-SALES
099999123453,22/05/2026,SUPER CLEARING HOUSE Grace High Income QA PAY-20260522-EMP-GRACE-HIG,438.46,,416381.61,SUPER,SUPER-PAY-20260522-EMP-GRACE-HIG
099999123453,22/05/2026,SUPER CLEARING HOUSE Ben Builder PAY-20260522-EMP-BEN-BUILDER,140.65,,416240.96,SUPER,SUPER-PAY-20260522-EMP-BEN-BUILDER
099999123453,22/05/2026,SUPER CLEARING HOUSE Amara Engineer PAY-20260522-EMP-AMARA-ENGINEER,207.69,,416033.27,SUPER,SUPER-PAY-20260522-EMP-AMARA-ENGINEER
099999123453,22/05/2026,PAYROLL NET WAGE Nina Sales Representative PAY-20260522-EMP-NINA-SALES,906.90,,415126.37,PAYROLL,PAYNET-PAY-20260522-EMP-NINA-SALES
099999123453,22/05/2026,PAYROLL NET WAGE Grace High Income QA PAY-20260522-EMP-GRACE-HIG,2607.79,,412518.58,PAYROLL,PAYNET-PAY-20260522-EMP-GRACE-HIG
099999123453,22/05/2026,PAYROLL NET WAGE Ben Builder PAY-20260522-EMP-BEN-BUILDER,974.10,,411544.48,PAYROLL,PAYNET-PAY-20260522-EMP-BEN-BUILDER
099999123453,22/05/2026,PAYROLL NET WAGE Amara Engineer PAY-20260522-EMP-AMARA-ENGINEER,1353.77,,410190.71,PAYROLL,PAYNET-PAY-20260522-EMP-AMARA-ENGINEER
099999123453,22/05/2026,PAYG WITHHOLDING REMITTANCE ATO Nina Sales Representative PAY-20260522-EMP-NINA-SALES,165.00,,410025.71,PAYROLL_TAX,PAYG-PAY-20260522-EMP-NINA-SALES
099999123453,22/05/2026,PAYG WITHHOLDING REMITTANCE ATO Grace High Income QA PAY-20260522-EMP-GRACE-HIG,1046.06,,408979.65,PAYROLL_TAX,PAYG-PAY-20260522-EMP-GRACE-HIG
099999123453,22/05/2026,PAYG WITHHOLDING REMITTANCE ATO Ben Builder PAY-20260522-EMP-BEN-BUILDER,198.00,,408781.65,PAYROLL_TAX,PAYG-PAY-20260522-EMP-BEN-BUILDER
099999123453,22/05/2026,PAYG WITHHOLDING REMITTANCE ATO Amara Engineer PAY-20260522-EMP-AMARA-ENGINEER,377.00,,408404.65,PAYROLL_TAX,PAYG-PAY-20260522-EMP-AMARA-ENGINEER
099999123453,22/05/2026,WITHDRAWAL-OSKO PAYMENT Cloud Software Vendors SOFT-202605,1595.00,,406809.65,PAYMENT,BTP-000042
099999123453,18/05/2026,DEPOSIT OSKO PAYMENT Project Client C INV-011,,86625.00,416948.70,DEP,BTR-000011
099999123453,16/05/2026,WITHDRAWAL-OSKO PAYMENT Harbour Property Trust RENT-202605,10120.00,,330323.70,PAYMENT,BTP-000041
099999123453,15/05/2026,SUPER CLEARING HOUSE Nina Sales Representative PAY-20260515-EMP-NINA-SALES,128.63,,348859.12,SUPER,SUPER-PAY-20260515-EMP-NINA-SALES
099999123453,15/05/2026,SUPER CLEARING HOUSE Grace High Income QA PAY-20260515-EMP-GRACE-HIG,438.46,,348420.66,SUPER,SUPER-PAY-20260515-EMP-GRACE-HIG
099999123453,15/05/2026,SUPER CLEARING HOUSE Ben Builder PAY-20260515-EMP-BEN-BUILDER,140.65,,348280.01,SUPER,SUPER-PAY-20260515-EMP-BEN-BUILDER
099999123453,15/05/2026,SUPER CLEARING HOUSE Amara Engineer PAY-20260515-EMP-AMARA-ENGINEER,207.69,,348072.32,SUPER,SUPER-PAY-20260515-EMP-AMARA-ENGINEER
099999123453,15/05/2026,PAYROLL NET WAGE Nina Sales Representative PAY-20260515-EMP-NINA-SALES,906.90,,347165.42,PAYROLL,PAYNET-PAY-20260515-EMP-NINA-SALES
099999123453,15/05/2026,PAYROLL NET WAGE Grace High Income QA PAY-20260515-EMP-GRACE-HIG,2607.79,,344557.63,PAYROLL,PAYNET-PAY-20260515-EMP-GRACE-HIG
099999123453,15/05/2026,PAYROLL NET WAGE Ben Builder PAY-20260515-EMP-BEN-BUILDER,974.10,,343583.53,PAYROLL,PAYNET-PAY-20260515-EMP-BEN-BUILDER
099999123453,15/05/2026,PAYROLL NET WAGE Amara Engineer PAY-20260515-EMP-AMARA-ENGINEER,1353.77,,342229.76,PAYROLL,PAYNET-PAY-20260515-EMP-AMARA-ENGINEER
099999123453,15/05/2026,PAYG WITHHOLDING REMITTANCE ATO Nina Sales Representative PAY-20260515-EMP-NINA-SALES,165.00,,342064.76,PAYROLL_TAX,PAYG-PAY-20260515-EMP-NINA-SALES
099999123453,15/05/2026,PAYG WITHHOLDING REMITTANCE ATO Grace High Income QA PAY-20260515-EMP-GRACE-HIG,1046.06,,341018.70,PAYROLL_TAX,PAYG-PAY-20260515-EMP-GRACE-HIG
099999123453,15/05/2026,PAYG WITHHOLDING REMITTANCE ATO Ben Builder PAY-20260515-EMP-BEN-BUILDER,198.00,,340820.70,PAYROLL_TAX,PAYG-PAY-20260515-EMP-BEN-BUILDER
099999123453,15/05/2026,PAYG WITHHOLDING REMITTANCE ATO Amara Engineer PAY-20260515-EMP-AMARA-ENGINEER,377.00,,340443.70,PAYROLL_TAX,PAYG-PAY-20260515-EMP-AMARA-ENGINEER
099999123453,08/05/2026,SUPER CLEARING HOUSE Nina Sales Representative PAY-20260508-EMP-NINA-SALES,128.63,,357422.17,SUPER,SUPER-PAY-20260508-EMP-NINA-SALES
099999123453,08/05/2026,SUPER CLEARING HOUSE Grace High Income QA PAY-20260508-EMP-GRACE-HIG,438.46,,356983.71,SUPER,SUPER-PAY-20260508-EMP-GRACE-HIG
099999123453,08/05/2026,SUPER CLEARING HOUSE Ben Builder PAY-20260508-EMP-BEN-BUILDER,140.65,,356843.06,SUPER,SUPER-PAY-20260508-EMP-BEN-BUILDER
099999123453,08/05/2026,SUPER CLEARING HOUSE Amara Engineer PAY-20260508-EMP-AMARA-ENGINEER,207.69,,356635.37,SUPER,SUPER-PAY-20260508-EMP-AMARA-ENGINEER
099999123453,08/05/2026,PAYROLL NET WAGE Nina Sales Representative PAY-20260508-EMP-NINA-SALES,906.90,,355728.47,PAYROLL,PAYNET-PAY-20260508-EMP-NINA-SALES
099999123453,08/05/2026,PAYROLL NET WAGE Grace High Income QA PAY-20260508-EMP-GRACE-HIG,2607.79,,353120.68,PAYROLL,PAYNET-PAY-20260508-EMP-GRACE-HIG
099999123453,08/05/2026,PAYROLL NET WAGE Ben Builder PAY-20260508-EMP-BEN-BUILDER,987.10,,352133.58,PAYROLL,PAYNET-PAY-20260508-EMP-BEN-BUILDER
099999123453,08/05/2026,PAYROLL NET WAGE Amara Engineer PAY-20260508-EMP-AMARA-ENGINEER,1353.77,,350779.81,PAYROLL,PAYNET-PAY-20260508-EMP-AMARA-ENGINEER
099999123453,08/05/2026,PAYG WITHHOLDING REMITTANCE ATO Nina Sales Representative PAY-20260508-EMP-NINA-SALES,165.00,,350614.81,PAYROLL_TAX,PAYG-PAY-20260508-EMP-NINA-SALES
099999123453,08/05/2026,PAYG WITHHOLDING REMITTANCE ATO Grace High Income QA PAY-20260508-EMP-GRACE-HIG,1046.06,,349568.75,PAYROLL_TAX,PAYG-PAY-20260508-EMP-GRACE-HIG
099999123453,08/05/2026,PAYG WITHHOLDING REMITTANCE ATO Ben Builder PAY-20260508-EMP-BEN-BUILDER,204.00,,349364.75,PAYROLL_TAX,PAYG-PAY-20260508-EMP-BEN-BUILDER
099999123453,08/05/2026,PAYG WITHHOLDING REMITTANCE ATO Amara Engineer PAY-20260508-EMP-AMARA-ENGINEER,377.00,,348987.75,PAYROLL_TAX,PAYG-PAY-20260508-EMP-AMARA-ENGINEER
099999123453,04/05/2026,WITHDRAWAL-OSKO PAYMENT Bank BANKFEE-202604,35.00,,357550.80,PAYMENT,BTP-000040
099999123453,01/05/2026,SUPER CLEARING HOUSE Nina Sales Representative PAY-20260501-EMP-NINA-SALES,272.63,,367201.22,SUPER,SUPER-PAY-20260501-EMP-NINA-SALES
099999123453,01/05/2026,SUPER CLEARING HOUSE Grace High Income QA PAY-20260501-EMP-GRACE-HIG,438.46,,366762.76,SUPER,SUPER-PAY-20260501-EMP-GRACE-HIG
099999123453,01/05/2026,SUPER CLEARING HOUSE Ben Builder PAY-20260501-EMP-BEN-BUILDER,140.65,,366622.11,SUPER,SUPER-PAY-20260501-EMP-BEN-BUILDER
099999123453,01/05/2026,SUPER CLEARING HOUSE Amara Engineer PAY-20260501-EMP-AMARA-ENGINEER,207.69,,366414.42,SUPER,SUPER-PAY-20260501-EMP-AMARA-ENGINEER
099999123453,01/05/2026,PAYROLL NET WAGE Nina Sales Representative PAY-20260501-EMP-NINA-SALES,1721.90,,364692.52,PAYROLL,PAYNET-PAY-20260501-EMP-NINA-SALES
099999123453,01/05/2026,PAYROLL NET WAGE Grace High Income QA PAY-20260501-EMP-GRACE-HIG,2607.79,,362084.73,PAYROLL,PAYNET-PAY-20260501-EMP-GRACE-HIG
099999123453,01/05/2026,PAYROLL NET WAGE Ben Builder PAY-20260501-EMP-BEN-BUILDER,974.10,,361110.63,PAYROLL,PAYNET-PAY-20260501-EMP-BEN-BUILDER
099999123453,01/05/2026,PAYROLL NET WAGE Amara Engineer PAY-20260501-EMP-AMARA-ENGINEER,1353.77,,359756.86,PAYROLL,PAYNET-PAY-20260501-EMP-AMARA-ENGINEER
099999123453,01/05/2026,PAYG WITHHOLDING REMITTANCE ATO Nina Sales Representative PAY-20260501-EMP-NINA-SALES,550.00,,359206.86,PAYROLL_TAX,PAYG-PAY-20260501-EMP-NINA-SALES
099999123453,01/05/2026,PAYG WITHHOLDING REMITTANCE ATO Grace High Income QA PAY-20260501-EMP-GRACE-HIG,1046.06,,358160.80,PAYROLL_TAX,PAYG-PAY-20260501-EMP-GRACE-HIG
099999123453,01/05/2026,PAYG WITHHOLDING REMITTANCE ATO Ben Builder PAY-20260501-EMP-BEN-BUILDER,198.00,,357962.80,PAYROLL_TAX,PAYG-PAY-20260501-EMP-BEN-BUILDER
099999123453,01/05/2026,PAYG WITHHOLDING REMITTANCE ATO Amara Engineer PAY-20260501-EMP-AMARA-ENGINEER,377.00,,357585.80,PAYROLL_TAX,PAYG-PAY-20260501-EMP-AMARA-ENGINEER
099999123453,25/04/2026,WITHDRAWAL-OSKO PAYMENT Liam Surveying Contractors Pty Ltd CONTRACT-202604,3520.00,,367473.85,PAYMENT,BTP-000039
099999123453,24/04/2026,SUPER CLEARING HOUSE Nina Sales Representative PAY-20260424-EMP-NINA-SALES,128.63,,379409.27,SUPER,SUPER-PAY-20260424-EMP-NINA-SALES
099999123453,24/04/2026,SUPER CLEARING HOUSE Grace High Income QA PAY-20260424-EMP-GRACE-HIG,438.46,,378970.81,SUPER,SUPER-PAY-20260424-EMP-GRACE-HIG
099999123453,24/04/2026,SUPER CLEARING HOUSE Ben Builder PAY-20260424-EMP-BEN-BUILDER,140.65,,378830.16,SUPER,SUPER-PAY-20260424-EMP-BEN-BUILDER
099999123453,24/04/2026,SUPER CLEARING HOUSE Amara Engineer PAY-20260424-EMP-AMARA-ENGINEER,207.69,,378622.47,SUPER,SUPER-PAY-20260424-EMP-AMARA-ENGINEER
099999123453,24/04/2026,PAYROLL NET WAGE Nina Sales Representative PAY-20260424-EMP-NINA-SALES,906.90,,377715.57,PAYROLL,PAYNET-PAY-20260424-EMP-NINA-SALES
099999123453,24/04/2026,PAYROLL NET WAGE Grace High Income QA PAY-20260424-EMP-GRACE-HIG,2607.79,,375107.78,PAYROLL,PAYNET-PAY-20260424-EMP-GRACE-HIG
099999123453,24/04/2026,PAYROLL NET WAGE Ben Builder PAY-20260424-EMP-BEN-BUILDER,974.10,,374133.68,PAYROLL,PAYNET-PAY-20260424-EMP-BEN-BUILDER
099999123453,24/04/2026,PAYROLL NET WAGE Amara Engineer PAY-20260424-EMP-AMARA-ENGINEER,1353.77,,372779.91,PAYROLL,PAYNET-PAY-20260424-EMP-AMARA-ENGINEER
099999123453,24/04/2026,PAYG WITHHOLDING REMITTANCE ATO Nina Sales Representative PAY-20260424-EMP-NINA-SALES,165.00,,372614.91,PAYROLL_TAX,PAYG-PAY-20260424-EMP-NINA-SALES
099999123453,24/04/2026,PAYG WITHHOLDING REMITTANCE ATO Grace High Income QA PAY-20260424-EMP-GRACE-HIG,1046.06,,371568.85,PAYROLL_TAX,PAYG-PAY-20260424-EMP-GRACE-HIG
099999123453,24/04/2026,PAYG WITHHOLDING REMITTANCE ATO Ben Builder PAY-20260424-EMP-BEN-BUILDER,198.00,,371370.85,PAYROLL_TAX,PAYG-PAY-20260424-EMP-BEN-BUILDER
099999123453,24/04/2026,PAYG WITHHOLDING REMITTANCE ATO Amara Engineer PAY-20260424-EMP-AMARA-ENGINEER,377.00,,370993.85,PAYROLL_TAX,PAYG-PAY-20260424-EMP-AMARA-ENGINEER
099999123453,22/04/2026,WITHDRAWAL-OSKO PAYMENT Cloud Software Vendors SOFT-202604,1595.00,,379537.90,PAYMENT,BTP-000038
099999123453,18/04/2026,DEPOSIT OSKO PAYMENT Project Client B INV-010,,86350.00,381132.90,DEP,BTR-000010
099999123453,17/04/2026,SUPER CLEARING HOUSE Nina Sales Representative PAY-20260417-EMP-NINA-SALES,128.63,,303198.32,SUPER,SUPER-PAY-20260417-EMP-NINA-SALES
099999123453,17/04/2026,SUPER CLEARING HOUSE Grace High Income QA PAY-20260417-EMP-GRACE-HIG,438.46,,302759.86,SUPER,SUPER-PAY-20260417-EMP-GRACE-HIG
099999123453,17/04/2026,SUPER CLEARING HOUSE Ben Builder PAY-20260417-EMP-BEN-BUILDER,140.65,,302619.21,SUPER,SUPER-PAY-20260417-EMP-BEN-BUILDER
099999123453,17/04/2026,SUPER CLEARING HOUSE Amara Engineer PAY-20260417-EMP-AMARA-ENGINEER,207.69,,302411.52,SUPER,SUPER-PAY-20260417-EMP-AMARA-ENGINEER
099999123453,17/04/2026,PAYROLL NET WAGE Nina Sales Representative PAY-20260417-EMP-NINA-SALES,906.90,,301504.62,PAYROLL,PAYNET-PAY-20260417-EMP-NINA-SALES
099999123453,17/04/2026,PAYROLL NET WAGE Grace High Income QA PAY-20260417-EMP-GRACE-HIG,2607.79,,298896.83,PAYROLL,PAYNET-PAY-20260417-EMP-GRACE-HIG
099999123453,17/04/2026,PAYROLL NET WAGE Ben Builder PAY-20260417-EMP-BEN-BUILDER,974.10,,297922.73,PAYROLL,PAYNET-PAY-20260417-EMP-BEN-BUILDER
099999123453,17/04/2026,PAYROLL NET WAGE Amara Engineer PAY-20260417-EMP-AMARA-ENGINEER,1353.77,,296568.96,PAYROLL,PAYNET-PAY-20260417-EMP-AMARA-ENGINEER
099999123453,17/04/2026,PAYG WITHHOLDING REMITTANCE ATO Nina Sales Representative PAY-20260417-EMP-NINA-SALES,165.00,,296403.96,PAYROLL_TAX,PAYG-PAY-20260417-EMP-NINA-SALES
099999123453,17/04/2026,PAYG WITHHOLDING REMITTANCE ATO Grace High Income QA PAY-20260417-EMP-GRACE-HIG,1046.06,,295357.90,PAYROLL_TAX,PAYG-PAY-20260417-EMP-GRACE-HIG
099999123453,17/04/2026,PAYG WITHHOLDING REMITTANCE ATO Ben Builder PAY-20260417-EMP-BEN-BUILDER,198.00,,295159.90,PAYROLL_TAX,PAYG-PAY-20260417-EMP-BEN-BUILDER
099999123453,17/04/2026,PAYG WITHHOLDING REMITTANCE ATO Amara Engineer PAY-20260417-EMP-AMARA-ENGINEER,377.00,,294782.90,PAYROLL_TAX,PAYG-PAY-20260417-EMP-AMARA-ENGINEER
099999123453,16/04/2026,WITHDRAWAL-OSKO PAYMENT Harbour Property Trust RENT-202604,10120.00,,303326.95,PAYMENT,BTP-000037
099999123453,10/04/2026,SUPER CLEARING HOUSE Nina Sales Representative PAY-20260410-EMP-NINA-SALES,128.63,,321862.37,SUPER,SUPER-PAY-20260410-EMP-NINA-SALES
099999123453,10/04/2026,SUPER CLEARING HOUSE Grace High Income QA PAY-20260410-EMP-GRACE-HIG,438.46,,321423.91,SUPER,SUPER-PAY-20260410-EMP-GRACE-HIG
099999123453,10/04/2026,SUPER CLEARING HOUSE Ben Builder PAY-20260410-EMP-BEN-BUILDER,140.65,,321283.26,SUPER,SUPER-PAY-20260410-EMP-BEN-BUILDER
099999123453,10/04/2026,SUPER CLEARING HOUSE Amara Engineer PAY-20260410-EMP-AMARA-ENGINEER,207.69,,321075.57,SUPER,SUPER-PAY-20260410-EMP-AMARA-ENGINEER
099999123453,10/04/2026,PAYROLL NET WAGE Nina Sales Representative PAY-20260410-EMP-NINA-SALES,906.90,,320168.67,PAYROLL,PAYNET-PAY-20260410-EMP-NINA-SALES
099999123453,10/04/2026,PAYROLL NET WAGE Grace High Income QA PAY-20260410-EMP-GRACE-HIG,2607.79,,317560.88,PAYROLL,PAYNET-PAY-20260410-EMP-GRACE-HIG
099999123453,10/04/2026,PAYROLL NET WAGE Ben Builder PAY-20260410-EMP-BEN-BUILDER,974.10,,316586.78,PAYROLL,PAYNET-PAY-20260410-EMP-BEN-BUILDER
099999123453,10/04/2026,PAYROLL NET WAGE Amara Engineer PAY-20260410-EMP-AMARA-ENGINEER,1353.77,,315233.01,PAYROLL,PAYNET-PAY-20260410-EMP-AMARA-ENGINEER
099999123453,10/04/2026,PAYG WITHHOLDING REMITTANCE ATO Nina Sales Representative PAY-20260410-EMP-NINA-SALES,165.00,,315068.01,PAYROLL_TAX,PAYG-PAY-20260410-EMP-NINA-SALES
099999123453,10/04/2026,PAYG WITHHOLDING REMITTANCE ATO Grace High Income QA PAY-20260410-EMP-GRACE-HIG,1046.06,,314021.95,PAYROLL_TAX,PAYG-PAY-20260410-EMP-GRACE-HIG
099999123453,10/04/2026,PAYG WITHHOLDING REMITTANCE ATO Ben Builder PAY-20260410-EMP-BEN-BUILDER,198.00,,313823.95,PAYROLL_TAX,PAYG-PAY-20260410-EMP-BEN-BUILDER
099999123453,10/04/2026,PAYG WITHHOLDING REMITTANCE ATO Amara Engineer PAY-20260410-EMP-AMARA-ENGINEER,377.00,,313446.95,PAYROLL_TAX,PAYG-PAY-20260410-EMP-AMARA-ENGINEER
099999123453,03/04/2026,SUPER CLEARING HOUSE Nina Sales Representative PAY-20260403-EMP-NINA-SALES,272.63,,331660.42,SUPER,SUPER-PAY-20260403-EMP-NINA-SALES
099999123453,03/04/2026,SUPER CLEARING HOUSE Grace High Income QA PAY-20260403-EMP-GRACE-HIG,438.46,,331221.96,SUPER,SUPER-PAY-20260403-EMP-GRACE-HIG
099999123453,03/04/2026,SUPER CLEARING HOUSE Ben Builder PAY-20260403-EMP-BEN-BUILDER,140.65,,331081.31,SUPER,SUPER-PAY-20260403-EMP-BEN-BUILDER
099999123453,03/04/2026,SUPER CLEARING HOUSE Amara Engineer PAY-20260403-EMP-AMARA-ENGINEER,207.69,,330873.62,SUPER,SUPER-PAY-20260403-EMP-AMARA-ENGINEER
099999123453,03/04/2026,PAYROLL NET WAGE Nina Sales Representative PAY-20260403-EMP-NINA-SALES,1721.90,,329151.72,PAYROLL,PAYNET-PAY-20260403-EMP-NINA-SALES
099999123453,03/04/2026,PAYROLL NET WAGE Grace High Income QA PAY-20260403-EMP-GRACE-HIG,2607.79,,326543.93,PAYROLL,PAYNET-PAY-20260403-EMP-GRACE-HIG
099999123453,03/04/2026,PAYROLL NET WAGE Ben Builder PAY-20260403-EMP-BEN-BUILDER,987.10,,325556.83,PAYROLL,PAYNET-PAY-20260403-EMP-BEN-BUILDER
099999123453,03/04/2026,PAYROLL NET WAGE Amara Engineer PAY-20260403-EMP-AMARA-ENGINEER,1353.77,,324203.06,PAYROLL,PAYNET-PAY-20260403-EMP-AMARA-ENGINEER
099999123453,03/04/2026,PAYG WITHHOLDING REMITTANCE ATO Nina Sales Representative PAY-20260403-EMP-NINA-SALES,550.00,,323653.06,PAYROLL_TAX,PAYG-PAY-20260403-EMP-NINA-SALES
099999123453,03/04/2026,PAYG WITHHOLDING REMITTANCE ATO Grace High Income QA PAY-20260403-EMP-GRACE-HIG,1046.06,,322607.00,PAYROLL_TAX,PAYG-PAY-20260403-EMP-GRACE-HIG
099999123453,03/04/2026,PAYG WITHHOLDING REMITTANCE ATO Ben Builder PAY-20260403-EMP-BEN-BUILDER,204.00,,322403.00,PAYROLL_TAX,PAYG-PAY-20260403-EMP-BEN-BUILDER
099999123453,03/04/2026,PAYG WITHHOLDING REMITTANCE ATO Amara Engineer PAY-20260403-EMP-AMARA-ENGINEER,377.00,,322026.00,PAYROLL_TAX,PAYG-PAY-20260403-EMP-AMARA-ENGINEER
099999123453,03/04/2026,WITHDRAWAL-OSKO PAYMENT Bank BANKFEE-202603,35.00,,321991.00,PAYMENT,BTP-000036
099999123453,27/03/2026,SUPER CLEARING HOUSE Nina Sales Representative PAY-20260327-EMP-NINA-SALES,128.63,,340348.47,SUPER,SUPER-PAY-20260327-EMP-NINA-SALES
099999123453,27/03/2026,SUPER CLEARING HOUSE Grace High Income QA PAY-20260327-EMP-GRACE-HIG,438.46,,339910.01,SUPER,SUPER-PAY-20260327-EMP-GRACE-HIG
099999123453,27/03/2026,SUPER CLEARING HOUSE Ben Builder PAY-20260327-EMP-BEN-BUILDER,140.65,,339769.36,SUPER,SUPER-PAY-20260327-EMP-BEN-BUILDER
099999123453,27/03/2026,SUPER CLEARING HOUSE Amara Engineer PAY-20260327-EMP-AMARA-ENGINEER,207.69,,339561.67,SUPER,SUPER-PAY-20260327-EMP-AMARA-ENGINEER
099999123453,27/03/2026,PAYROLL NET WAGE Nina Sales Representative PAY-20260327-EMP-NINA-SALES,906.90,,338654.77,PAYROLL,PAYNET-PAY-20260327-EMP-NINA-SALES
099999123453,27/03/2026,PAYROLL NET WAGE Grace High Income QA PAY-20260327-EMP-GRACE-HIG,2607.79,,336046.98,PAYROLL,PAYNET-PAY-20260327-EMP-GRACE-HIG
099999123453,27/03/2026,PAYROLL NET WAGE Ben Builder PAY-20260327-EMP-BEN-BUILDER,974.10,,335072.88,PAYROLL,PAYNET-PAY-20260327-EMP-BEN-BUILDER
099999123453,27/03/2026,PAYROLL NET WAGE Amara Engineer PAY-20260327-EMP-AMARA-ENGINEER,1353.77,,333719.11,PAYROLL,PAYNET-PAY-20260327-EMP-AMARA-ENGINEER
099999123453,27/03/2026,PAYG WITHHOLDING REMITTANCE ATO Nina Sales Representative PAY-20260327-EMP-NINA-SALES,165.00,,333554.11,PAYROLL_TAX,PAYG-PAY-20260327-EMP-NINA-SALES
099999123453,27/03/2026,PAYG WITHHOLDING REMITTANCE ATO Grace High Income QA PAY-20260327-EMP-GRACE-HIG,1046.06,,332508.05,PAYROLL_TAX,PAYG-PAY-20260327-EMP-GRACE-HIG
099999123453,27/03/2026,PAYG WITHHOLDING REMITTANCE ATO Ben Builder PAY-20260327-EMP-BEN-BUILDER,198.00,,332310.05,PAYROLL_TAX,PAYG-PAY-20260327-EMP-BEN-BUILDER
099999123453,27/03/2026,PAYG WITHHOLDING REMITTANCE ATO Amara Engineer PAY-20260327-EMP-AMARA-ENGINEER,377.00,,331933.05,PAYROLL_TAX,PAYG-PAY-20260327-EMP-AMARA-ENGINEER
099999123453,25/03/2026,WITHDRAWAL-OSKO PAYMENT Liam Surveying Contractors Pty Ltd CONTRACT-202603,3520.00,,340477.10,PAYMENT,BTP-000035
099999123453,22/03/2026,WITHDRAWAL-OSKO PAYMENT Cloud Software Vendors SOFT-202603,1595.00,,343997.10,PAYMENT,BTP-000034
099999123453,20/03/2026,SUPER CLEARING HOUSE Nina Sales Representative PAY-20260320-EMP-NINA-SALES,128.63,,354007.52,SUPER,SUPER-PAY-20260320-EMP-NINA-SALES
099999123453,20/03/2026,SUPER CLEARING HOUSE Grace High Income QA PAY-20260320-EMP-GRACE-HIG,438.46,,353569.06,SUPER,SUPER-PAY-20260320-EMP-GRACE-HIG
099999123453,20/03/2026,SUPER CLEARING HOUSE Ben Builder PAY-20260320-EMP-BEN-BUILDER,140.65,,353428.41,SUPER,SUPER-PAY-20260320-EMP-BEN-BUILDER
099999123453,20/03/2026,SUPER CLEARING HOUSE Amara Engineer PAY-20260320-EMP-AMARA-ENGINEER,207.69,,353220.72,SUPER,SUPER-PAY-20260320-EMP-AMARA-ENGINEER
099999123453,20/03/2026,PAYROLL NET WAGE Nina Sales Representative PAY-20260320-EMP-NINA-SALES,906.90,,352313.82,PAYROLL,PAYNET-PAY-20260320-EMP-NINA-SALES
099999123453,20/03/2026,PAYROLL NET WAGE Grace High Income QA PAY-20260320-EMP-GRACE-HIG,2607.79,,349706.03,PAYROLL,PAYNET-PAY-20260320-EMP-GRACE-HIG
099999123453,20/03/2026,PAYROLL NET WAGE Ben Builder PAY-20260320-EMP-BEN-BUILDER,974.10,,348731.93,PAYROLL,PAYNET-PAY-20260320-EMP-BEN-BUILDER
099999123453,20/03/2026,PAYROLL NET WAGE Amara Engineer PAY-20260320-EMP-AMARA-ENGINEER,1353.77,,347378.16,PAYROLL,PAYNET-PAY-20260320-EMP-AMARA-ENGINEER
099999123453,20/03/2026,PAYG WITHHOLDING REMITTANCE ATO Nina Sales Representative PAY-20260320-EMP-NINA-SALES,165.00,,347213.16,PAYROLL_TAX,PAYG-PAY-20260320-EMP-NINA-SALES
099999123453,20/03/2026,PAYG WITHHOLDING REMITTANCE ATO Grace High Income QA PAY-20260320-EMP-GRACE-HIG,1046.06,,346167.10,PAYROLL_TAX,PAYG-PAY-20260320-EMP-GRACE-HIG
099999123453,20/03/2026,PAYG WITHHOLDING REMITTANCE ATO Ben Builder PAY-20260320-EMP-BEN-BUILDER,198.00,,345969.10,PAYROLL_TAX,PAYG-PAY-20260320-EMP-BEN-BUILDER
099999123453,20/03/2026,PAYG WITHHOLDING REMITTANCE ATO Amara Engineer PAY-20260320-EMP-AMARA-ENGINEER,377.00,,345592.10,PAYROLL_TAX,PAYG-PAY-20260320-EMP-AMARA-ENGINEER
099999123453,18/03/2026,DEPOSIT OSKO PAYMENT Project Client A INV-009,,86075.00,354136.15,DEP,BTR-000009
099999123453,16/03/2026,WITHDRAWAL-OSKO PAYMENT Harbour Property Trust RENT-202603,10120.00,,268061.15,PAYMENT,BTP-000033
099999123453,13/03/2026,SUPER CLEARING HOUSE Nina Sales Representative PAY-20260313-EMP-NINA-SALES,128.63,,286596.57,SUPER,SUPER-PAY-20260313-EMP-NINA-SALES
099999123453,13/03/2026,SUPER CLEARING HOUSE Grace High Income QA PAY-20260313-EMP-GRACE-HIG,438.46,,286158.11,SUPER,SUPER-PAY-20260313-EMP-GRACE-HIG
099999123453,13/03/2026,SUPER CLEARING HOUSE Ben Builder PAY-20260313-EMP-BEN-BUILDER,140.65,,286017.46,SUPER,SUPER-PAY-20260313-EMP-BEN-BUILDER
099999123453,13/03/2026,SUPER CLEARING HOUSE Amara Engineer PAY-20260313-EMP-AMARA-ENGINEER,207.69,,285809.77,SUPER,SUPER-PAY-20260313-EMP-AMARA-ENGINEER
099999123453,13/03/2026,PAYROLL NET WAGE Nina Sales Representative PAY-20260313-EMP-NINA-SALES,906.90,,284902.87,PAYROLL,PAYNET-PAY-20260313-EMP-NINA-SALES
099999123453,13/03/2026,PAYROLL NET WAGE Grace High Income QA PAY-20260313-EMP-GRACE-HIG,2607.79,,282295.08,PAYROLL,PAYNET-PAY-20260313-EMP-GRACE-HIG
099999123453,13/03/2026,PAYROLL NET WAGE Ben Builder PAY-20260313-EMP-BEN-BUILDER,974.10,,281320.98,PAYROLL,PAYNET-PAY-20260313-EMP-BEN-BUILDER
099999123453,13/03/2026,PAYROLL NET WAGE Amara Engineer PAY-20260313-EMP-AMARA-ENGINEER,1353.77,,279967.21,PAYROLL,PAYNET-PAY-20260313-EMP-AMARA-ENGINEER
099999123453,13/03/2026,PAYG WITHHOLDING REMITTANCE ATO Nina Sales Representative PAY-20260313-EMP-NINA-SALES,165.00,,279802.21,PAYROLL_TAX,PAYG-PAY-20260313-EMP-NINA-SALES
099999123453,13/03/2026,PAYG WITHHOLDING REMITTANCE ATO Grace High Income QA PAY-20260313-EMP-GRACE-HIG,1046.06,,278756.15,PAYROLL_TAX,PAYG-PAY-20260313-EMP-GRACE-HIG
099999123453,13/03/2026,PAYG WITHHOLDING REMITTANCE ATO Ben Builder PAY-20260313-EMP-BEN-BUILDER,198.00,,278558.15,PAYROLL_TAX,PAYG-PAY-20260313-EMP-BEN-BUILDER
099999123453,13/03/2026,PAYG WITHHOLDING REMITTANCE ATO Amara Engineer PAY-20260313-EMP-AMARA-ENGINEER,377.00,,278181.15,PAYROLL_TAX,PAYG-PAY-20260313-EMP-AMARA-ENGINEER
099999123453,06/03/2026,SUPER CLEARING HOUSE Nina Sales Representative PAY-20260306-EMP-NINA-SALES,272.63,,296375.62,SUPER,SUPER-PAY-20260306-EMP-NINA-SALES
099999123453,06/03/2026,SUPER CLEARING HOUSE Grace High Income QA PAY-20260306-EMP-GRACE-HIG,438.46,,295937.16,SUPER,SUPER-PAY-20260306-EMP-GRACE-HIG
099999123453,06/03/2026,SUPER CLEARING HOUSE Ben Builder PAY-20260306-EMP-BEN-BUILDER,140.65,,295796.51,SUPER,SUPER-PAY-20260306-EMP-BEN-BUILDER
099999123453,06/03/2026,SUPER CLEARING HOUSE Amara Engineer PAY-20260306-EMP-AMARA-ENGINEER,207.69,,295588.82,SUPER,SUPER-PAY-20260306-EMP-AMARA-ENGINEER
099999123453,06/03/2026,PAYROLL NET WAGE Nina Sales Representative PAY-20260306-EMP-NINA-SALES,1721.90,,293866.92,PAYROLL,PAYNET-PAY-20260306-EMP-NINA-SALES
099999123453,06/03/2026,PAYROLL NET WAGE Grace High Income QA PAY-20260306-EMP-GRACE-HIG,2607.79,,291259.13,PAYROLL,PAYNET-PAY-20260306-EMP-GRACE-HIG
099999123453,06/03/2026,PAYROLL NET WAGE Ben Builder PAY-20260306-EMP-BEN-BUILDER,974.10,,290285.03,PAYROLL,PAYNET-PAY-20260306-EMP-BEN-BUILDER
099999123453,06/03/2026,PAYROLL NET WAGE Amara Engineer PAY-20260306-EMP-AMARA-ENGINEER,1353.77,,288931.26,PAYROLL,PAYNET-PAY-20260306-EMP-AMARA-ENGINEER
099999123453,06/03/2026,PAYG WITHHOLDING REMITTANCE ATO Nina Sales Representative PAY-20260306-EMP-NINA-SALES,550.00,,288381.26,PAYROLL_TAX,PAYG-PAY-20260306-EMP-NINA-SALES
099999123453,06/03/2026,PAYG WITHHOLDING REMITTANCE ATO Grace High Income QA PAY-20260306-EMP-GRACE-HIG,1046.06,,287335.20,PAYROLL_TAX,PAYG-PAY-20260306-EMP-GRACE-HIG
099999123453,06/03/2026,PAYG WITHHOLDING REMITTANCE ATO Ben Builder PAY-20260306-EMP-BEN-BUILDER,198.00,,287137.20,PAYROLL_TAX,PAYG-PAY-20260306-EMP-BEN-BUILDER
099999123453,06/03/2026,PAYG WITHHOLDING REMITTANCE ATO Amara Engineer PAY-20260306-EMP-AMARA-ENGINEER,377.00,,286760.20,PAYROLL_TAX,PAYG-PAY-20260306-EMP-AMARA-ENGINEER
099999123453,06/03/2026,WITHDRAWAL-OSKO PAYMENT Bank BANKFEE-202602,35.00,,286725.20,PAYMENT,BTP-000032
099999123453,27/02/2026,SUPER CLEARING HOUSE Nina Sales Representative PAY-20260227-EMP-NINA-SALES,128.63,,305082.67,SUPER,SUPER-PAY-20260227-EMP-NINA-SALES
099999123453,27/02/2026,SUPER CLEARING HOUSE Grace High Income QA PAY-20260227-EMP-GRACE-HIG,438.46,,304644.21,SUPER,SUPER-PAY-20260227-EMP-GRACE-HIG
099999123453,27/02/2026,SUPER CLEARING HOUSE Ben Builder PAY-20260227-EMP-BEN-BUILDER,140.65,,304503.56,SUPER,SUPER-PAY-20260227-EMP-BEN-BUILDER
099999123453,27/02/2026,SUPER CLEARING HOUSE Amara Engineer PAY-20260227-EMP-AMARA-ENGINEER,207.69,,304295.87,SUPER,SUPER-PAY-20260227-EMP-AMARA-ENGINEER
099999123453,27/02/2026,PAYROLL NET WAGE Nina Sales Representative PAY-20260227-EMP-NINA-SALES,906.90,,303388.97,PAYROLL,PAYNET-PAY-20260227-EMP-NINA-SALES
099999123453,27/02/2026,PAYROLL NET WAGE Grace High Income QA PAY-20260227-EMP-GRACE-HIG,2607.79,,300781.18,PAYROLL,PAYNET-PAY-20260227-EMP-GRACE-HIG
099999123453,27/02/2026,PAYROLL NET WAGE Ben Builder PAY-20260227-EMP-BEN-BUILDER,987.10,,299794.08,PAYROLL,PAYNET-PAY-20260227-EMP-BEN-BUILDER
099999123453,27/02/2026,PAYROLL NET WAGE Amara Engineer PAY-20260227-EMP-AMARA-ENGINEER,1353.77,,298440.31,PAYROLL,PAYNET-PAY-20260227-EMP-AMARA-ENGINEER
099999123453,27/02/2026,PAYG WITHHOLDING REMITTANCE ATO Nina Sales Representative PAY-20260227-EMP-NINA-SALES,165.00,,298275.31,PAYROLL_TAX,PAYG-PAY-20260227-EMP-NINA-SALES
099999123453,27/02/2026,PAYG WITHHOLDING REMITTANCE ATO Grace High Income QA PAY-20260227-EMP-GRACE-HIG,1046.06,,297229.25,PAYROLL_TAX,PAYG-PAY-20260227-EMP-GRACE-HIG
099999123453,27/02/2026,PAYG WITHHOLDING REMITTANCE ATO Ben Builder PAY-20260227-EMP-BEN-BUILDER,204.00,,297025.25,PAYROLL_TAX,PAYG-PAY-20260227-EMP-BEN-BUILDER
099999123453,27/02/2026,PAYG WITHHOLDING REMITTANCE ATO Amara Engineer PAY-20260227-EMP-AMARA-ENGINEER,377.00,,296648.25,PAYROLL_TAX,PAYG-PAY-20260227-EMP-AMARA-ENGINEER
099999123453,25/02/2026,WITHDRAWAL-OSKO PAYMENT Liam Surveying Contractors Pty Ltd CONTRACT-202602,3520.00,,305211.30,PAYMENT,BTP-000031
099999123453,22/02/2026,WITHDRAWAL-OSKO PAYMENT Cloud Software Vendors SOFT-202602,1595.00,,308731.30,PAYMENT,BTP-000030
099999123453,20/02/2026,SUPER CLEARING HOUSE Nina Sales Representative PAY-20260220-EMP-NINA-SALES,128.63,,318741.72,SUPER,SUPER-PAY-20260220-EMP-NINA-SALES
099999123453,20/02/2026,SUPER CLEARING HOUSE Grace High Income QA PAY-20260220-EMP-GRACE-HIG,438.46,,318303.26,SUPER,SUPER-PAY-20260220-EMP-GRACE-HIG
099999123453,20/02/2026,SUPER CLEARING HOUSE Ben Builder PAY-20260220-EMP-BEN-BUILDER,140.65,,318162.61,SUPER,SUPER-PAY-20260220-EMP-BEN-BUILDER
099999123453,20/02/2026,SUPER CLEARING HOUSE Amara Engineer PAY-20260220-EMP-AMARA-ENGINEER,207.69,,317954.92,SUPER,SUPER-PAY-20260220-EMP-AMARA-ENGINEER
099999123453,20/02/2026,PAYROLL NET WAGE Nina Sales Representative PAY-20260220-EMP-NINA-SALES,906.90,,317048.02,PAYROLL,PAYNET-PAY-20260220-EMP-NINA-SALES
099999123453,20/02/2026,PAYROLL NET WAGE Grace High Income QA PAY-20260220-EMP-GRACE-HIG,2607.79,,314440.23,PAYROLL,PAYNET-PAY-20260220-EMP-GRACE-HIG
099999123453,20/02/2026,PAYROLL NET WAGE Ben Builder PAY-20260220-EMP-BEN-BUILDER,974.10,,313466.13,PAYROLL,PAYNET-PAY-20260220-EMP-BEN-BUILDER
099999123453,20/02/2026,PAYROLL NET WAGE Amara Engineer PAY-20260220-EMP-AMARA-ENGINEER,1353.77,,312112.36,PAYROLL,PAYNET-PAY-20260220-EMP-AMARA-ENGINEER
099999123453,20/02/2026,PAYG WITHHOLDING REMITTANCE ATO Nina Sales Representative PAY-20260220-EMP-NINA-SALES,165.00,,311947.36,PAYROLL_TAX,PAYG-PAY-20260220-EMP-NINA-SALES
099999123453,20/02/2026,PAYG WITHHOLDING REMITTANCE ATO Grace High Income QA PAY-20260220-EMP-GRACE-HIG,1046.06,,310901.30,PAYROLL_TAX,PAYG-PAY-20260220-EMP-GRACE-HIG
099999123453,20/02/2026,PAYG WITHHOLDING REMITTANCE ATO Ben Builder PAY-20260220-EMP-BEN-BUILDER,198.00,,310703.30,PAYROLL_TAX,PAYG-PAY-20260220-EMP-BEN-BUILDER
099999123453,20/02/2026,PAYG WITHHOLDING REMITTANCE ATO Amara Engineer PAY-20260220-EMP-AMARA-ENGINEER,377.00,,310326.30,PAYROLL_TAX,PAYG-PAY-20260220-EMP-AMARA-ENGINEER
099999123453,18/02/2026,DEPOSIT OSKO PAYMENT Project Client C INV-008,,85800.00,318870.35,DEP,BTR-000008
099999123453,16/02/2026,WITHDRAWAL-OSKO PAYMENT Harbour Property Trust RENT-202602,10120.00,,233070.35,PAYMENT,BTP-000029
099999123453,13/02/2026,SUPER CLEARING HOUSE Nina Sales Representative PAY-20260213-EMP-NINA-SALES,128.63,,251605.77,SUPER,SUPER-PAY-20260213-EMP-NINA-SALES
099999123453,13/02/2026,SUPER CLEARING HOUSE Grace High Income QA PAY-20260213-EMP-GRACE-HIG,438.46,,251167.31,SUPER,SUPER-PAY-20260213-EMP-GRACE-HIG
099999123453,13/02/2026,SUPER CLEARING HOUSE Ben Builder PAY-20260213-EMP-BEN-BUILDER,140.65,,251026.66,SUPER,SUPER-PAY-20260213-EMP-BEN-BUILDER
099999123453,13/02/2026,SUPER CLEARING HOUSE Amara Engineer PAY-20260213-EMP-AMARA-ENGINEER,207.69,,250818.97,SUPER,SUPER-PAY-20260213-EMP-AMARA-ENGINEER
099999123453,13/02/2026,PAYROLL NET WAGE Nina Sales Representative PAY-20260213-EMP-NINA-SALES,906.90,,249912.07,PAYROLL,PAYNET-PAY-20260213-EMP-NINA-SALES
099999123453,13/02/2026,PAYROLL NET WAGE Grace High Income QA PAY-20260213-EMP-GRACE-HIG,2607.79,,247304.28,PAYROLL,PAYNET-PAY-20260213-EMP-GRACE-HIG
099999123453,13/02/2026,PAYROLL NET WAGE Ben Builder PAY-20260213-EMP-BEN-BUILDER,974.10,,246330.18,PAYROLL,PAYNET-PAY-20260213-EMP-BEN-BUILDER
099999123453,13/02/2026,PAYROLL NET WAGE Amara Engineer PAY-20260213-EMP-AMARA-ENGINEER,1353.77,,244976.41,PAYROLL,PAYNET-PAY-20260213-EMP-AMARA-ENGINEER
099999123453,13/02/2026,PAYG WITHHOLDING REMITTANCE ATO Nina Sales Representative PAY-20260213-EMP-NINA-SALES,165.00,,244811.41,PAYROLL_TAX,PAYG-PAY-20260213-EMP-NINA-SALES
099999123453,13/02/2026,PAYG WITHHOLDING REMITTANCE ATO Grace High Income QA PAY-20260213-EMP-GRACE-HIG,1046.06,,243765.35,PAYROLL_TAX,PAYG-PAY-20260213-EMP-GRACE-HIG
099999123453,13/02/2026,PAYG WITHHOLDING REMITTANCE ATO Ben Builder PAY-20260213-EMP-BEN-BUILDER,198.00,,243567.35,PAYROLL_TAX,PAYG-PAY-20260213-EMP-BEN-BUILDER
099999123453,13/02/2026,PAYG WITHHOLDING REMITTANCE ATO Amara Engineer PAY-20260213-EMP-AMARA-ENGINEER,377.00,,243190.35,PAYROLL_TAX,PAYG-PAY-20260213-EMP-AMARA-ENGINEER
099999123453,06/02/2026,SUPER CLEARING HOUSE Nina Sales Representative PAY-20260206-EMP-NINA-SALES,272.63,,261349.82,SUPER,SUPER-PAY-20260206-EMP-NINA-SALES
099999123453,06/02/2026,SUPER CLEARING HOUSE Grace High Income QA PAY-20260206-EMP-GRACE-HIG,438.46,,260911.36,SUPER,SUPER-PAY-20260206-EMP-GRACE-HIG
099999123453,06/02/2026,SUPER CLEARING HOUSE Ben Builder PAY-20260206-EMP-BEN-BUILDER,140.65,,260770.71,SUPER,SUPER-PAY-20260206-EMP-BEN-BUILDER
099999123453,06/02/2026,SUPER CLEARING HOUSE Amara Engineer PAY-20260206-EMP-AMARA-ENGINEER,207.69,,260563.02,SUPER,SUPER-PAY-20260206-EMP-AMARA-ENGINEER
099999123453,06/02/2026,PAYROLL NET WAGE Nina Sales Representative PAY-20260206-EMP-NINA-SALES,1721.90,,258841.12,PAYROLL,PAYNET-PAY-20260206-EMP-NINA-SALES
099999123453,06/02/2026,PAYROLL NET WAGE Grace High Income QA PAY-20260206-EMP-GRACE-HIG,2607.79,,256233.33,PAYROLL,PAYNET-PAY-20260206-EMP-GRACE-HIG
099999123453,06/02/2026,PAYROLL NET WAGE Ben Builder PAY-20260206-EMP-BEN-BUILDER,974.10,,255259.23,PAYROLL,PAYNET-PAY-20260206-EMP-BEN-BUILDER
099999123453,06/02/2026,PAYROLL NET WAGE Amara Engineer PAY-20260206-EMP-AMARA-ENGINEER,1353.77,,253905.46,PAYROLL,PAYNET-PAY-20260206-EMP-AMARA-ENGINEER
099999123453,06/02/2026,PAYG WITHHOLDING REMITTANCE ATO Nina Sales Representative PAY-20260206-EMP-NINA-SALES,550.00,,253355.46,PAYROLL_TAX,PAYG-PAY-20260206-EMP-NINA-SALES
099999123453,06/02/2026,PAYG WITHHOLDING REMITTANCE ATO Grace High Income QA PAY-20260206-EMP-GRACE-HIG,1046.06,,252309.40,PAYROLL_TAX,PAYG-PAY-20260206-EMP-GRACE-HIG
099999123453,06/02/2026,PAYG WITHHOLDING REMITTANCE ATO Ben Builder PAY-20260206-EMP-BEN-BUILDER,198.00,,252111.40,PAYROLL_TAX,PAYG-PAY-20260206-EMP-BEN-BUILDER
099999123453,06/02/2026,PAYG WITHHOLDING REMITTANCE ATO Amara Engineer PAY-20260206-EMP-AMARA-ENGINEER,377.00,,251734.40,PAYROLL_TAX,PAYG-PAY-20260206-EMP-AMARA-ENGINEER
099999123453,03/02/2026,WITHDRAWAL-OSKO PAYMENT Bank BANKFEE-202601,35.00,,261622.45,PAYMENT,BTP-000028
099999123453,30/01/2026,SUPER CLEARING HOUSE Nina Sales Representative PAY-20260130-EMP-NINA-SALES,128.63,,270072.87,SUPER,SUPER-PAY-20260130-EMP-NINA-SALES
099999123453,30/01/2026,SUPER CLEARING HOUSE Grace High Income QA PAY-20260130-EMP-GRACE-HIG,438.46,,269634.41,SUPER,SUPER-PAY-20260130-EMP-GRACE-HIG
099999123453,30/01/2026,SUPER CLEARING HOUSE Ben Builder PAY-20260130-EMP-BEN-BUILDER,140.65,,269493.76,SUPER,SUPER-PAY-20260130-EMP-BEN-BUILDER
099999123453,30/01/2026,SUPER CLEARING HOUSE Amara Engineer PAY-20260130-EMP-AMARA-ENGINEER,207.69,,269286.07,SUPER,SUPER-PAY-20260130-EMP-AMARA-ENGINEER
099999123453,30/01/2026,PAYROLL NET WAGE Nina Sales Representative PAY-20260130-EMP-NINA-SALES,906.90,,268379.17,PAYROLL,PAYNET-PAY-20260130-EMP-NINA-SALES
099999123453,30/01/2026,PAYROLL NET WAGE Grace High Income QA PAY-20260130-EMP-GRACE-HIG,2607.79,,265771.38,PAYROLL,PAYNET-PAY-20260130-EMP-GRACE-HIG
099999123453,30/01/2026,PAYROLL NET WAGE Ben Builder PAY-20260130-EMP-BEN-BUILDER,974.10,,264797.28,PAYROLL,PAYNET-PAY-20260130-EMP-BEN-BUILDER
099999123453,30/01/2026,PAYROLL NET WAGE Amara Engineer PAY-20260130-EMP-AMARA-ENGINEER,1353.77,,263443.51,PAYROLL,PAYNET-PAY-20260130-EMP-AMARA-ENGINEER
099999123453,30/01/2026,PAYG WITHHOLDING REMITTANCE ATO Nina Sales Representative PAY-20260130-EMP-NINA-SALES,165.00,,263278.51,PAYROLL_TAX,PAYG-PAY-20260130-EMP-NINA-SALES
099999123453,30/01/2026,PAYG WITHHOLDING REMITTANCE ATO Grace High Income QA PAY-20260130-EMP-GRACE-HIG,1046.06,,262232.45,PAYROLL_TAX,PAYG-PAY-20260130-EMP-GRACE-HIG
099999123453,30/01/2026,PAYG WITHHOLDING REMITTANCE ATO Ben Builder PAY-20260130-EMP-BEN-BUILDER,198.00,,262034.45,PAYROLL_TAX,PAYG-PAY-20260130-EMP-BEN-BUILDER
099999123453,30/01/2026,PAYG WITHHOLDING REMITTANCE ATO Amara Engineer PAY-20260130-EMP-AMARA-ENGINEER,377.00,,261657.45,PAYROLL_TAX,PAYG-PAY-20260130-EMP-AMARA-ENGINEER
099999123453,25/01/2026,WITHDRAWAL-OSKO PAYMENT Liam Surveying Contractors Pty Ltd CONTRACT-202601,3520.00,,270201.50,PAYMENT,BTP-000027
099999123453,23/01/2026,SUPER CLEARING HOUSE Nina Sales Representative PAY-20260123-EMP-NINA-SALES,128.63,,282155.92,SUPER,SUPER-PAY-20260123-EMP-NINA-SALES
099999123453,23/01/2026,SUPER CLEARING HOUSE Grace High Income QA PAY-20260123-EMP-GRACE-HIG,438.46,,281717.46,SUPER,SUPER-PAY-20260123-EMP-GRACE-HIG
099999123453,23/01/2026,SUPER CLEARING HOUSE Ben Builder PAY-20260123-EMP-BEN-BUILDER,140.65,,281576.81,SUPER,SUPER-PAY-20260123-EMP-BEN-BUILDER
099999123453,23/01/2026,SUPER CLEARING HOUSE Amara Engineer PAY-20260123-EMP-AMARA-ENGINEER,207.69,,281369.12,SUPER,SUPER-PAY-20260123-EMP-AMARA-ENGINEER
099999123453,23/01/2026,PAYROLL NET WAGE Nina Sales Representative PAY-20260123-EMP-NINA-SALES,906.90,,280462.22,PAYROLL,PAYNET-PAY-20260123-EMP-NINA-SALES
099999123453,23/01/2026,PAYROLL NET WAGE Grace High Income QA PAY-20260123-EMP-GRACE-HIG,2607.79,,277854.43,PAYROLL,PAYNET-PAY-20260123-EMP-GRACE-HIG
099999123453,23/01/2026,PAYROLL NET WAGE Ben Builder PAY-20260123-EMP-BEN-BUILDER,987.10,,276867.33,PAYROLL,PAYNET-PAY-20260123-EMP-BEN-BUILDER
099999123453,23/01/2026,PAYROLL NET WAGE Amara Engineer PAY-20260123-EMP-AMARA-ENGINEER,1353.77,,275513.56,PAYROLL,PAYNET-PAY-20260123-EMP-AMARA-ENGINEER
099999123453,23/01/2026,PAYG WITHHOLDING REMITTANCE ATO Nina Sales Representative PAY-20260123-EMP-NINA-SALES,165.00,,275348.56,PAYROLL_TAX,PAYG-PAY-20260123-EMP-NINA-SALES
099999123453,23/01/2026,PAYG WITHHOLDING REMITTANCE ATO Grace High Income QA PAY-20260123-EMP-GRACE-HIG,1046.06,,274302.50,PAYROLL_TAX,PAYG-PAY-20260123-EMP-GRACE-HIG
099999123453,23/01/2026,PAYG WITHHOLDING REMITTANCE ATO Ben Builder PAY-20260123-EMP-BEN-BUILDER,204.00,,274098.50,PAYROLL_TAX,PAYG-PAY-20260123-EMP-BEN-BUILDER
099999123453,23/01/2026,PAYG WITHHOLDING REMITTANCE ATO Amara Engineer PAY-20260123-EMP-AMARA-ENGINEER,377.00,,273721.50,PAYROLL_TAX,PAYG-PAY-20260123-EMP-AMARA-ENGINEER
099999123453,22/01/2026,WITHDRAWAL-OSKO PAYMENT Cloud Software Vendors SOFT-202601,1595.00,,282284.55,PAYMENT,BTP-000026
099999123453,18/01/2026,DEPOSIT OSKO PAYMENT Project Client B INV-007,,85525.00,283879.55,DEP,BTR-000007
099999123453,16/01/2026,SUPER CLEARING HOUSE Nina Sales Representative PAY-20260116-EMP-NINA-SALES,128.63,,216889.97,SUPER,SUPER-PAY-20260116-EMP-NINA-SALES
099999123453,16/01/2026,SUPER CLEARING HOUSE Grace High Income QA PAY-20260116-EMP-GRACE-HIG,438.46,,216451.51,SUPER,SUPER-PAY-20260116-EMP-GRACE-HIG
099999123453,16/01/2026,SUPER CLEARING HOUSE Ben Builder PAY-20260116-EMP-BEN-BUILDER,140.65,,216310.86,SUPER,SUPER-PAY-20260116-EMP-BEN-BUILDER
099999123453,16/01/2026,SUPER CLEARING HOUSE Amara Engineer PAY-20260116-EMP-AMARA-ENGINEER,207.69,,216103.17,SUPER,SUPER-PAY-20260116-EMP-AMARA-ENGINEER
099999123453,16/01/2026,PAYROLL NET WAGE Nina Sales Representative PAY-20260116-EMP-NINA-SALES,906.90,,215196.27,PAYROLL,PAYNET-PAY-20260116-EMP-NINA-SALES
099999123453,16/01/2026,PAYROLL NET WAGE Grace High Income QA PAY-20260116-EMP-GRACE-HIG,2607.79,,212588.48,PAYROLL,PAYNET-PAY-20260116-EMP-GRACE-HIG
099999123453,16/01/2026,PAYROLL NET WAGE Ben Builder PAY-20260116-EMP-BEN-BUILDER,974.10,,211614.38,PAYROLL,PAYNET-PAY-20260116-EMP-BEN-BUILDER
099999123453,16/01/2026,PAYROLL NET WAGE Amara Engineer PAY-20260116-EMP-AMARA-ENGINEER,1353.77,,210260.61,PAYROLL,PAYNET-PAY-20260116-EMP-AMARA-ENGINEER
099999123453,16/01/2026,PAYG WITHHOLDING REMITTANCE ATO Nina Sales Representative PAY-20260116-EMP-NINA-SALES,165.00,,210095.61,PAYROLL_TAX,PAYG-PAY-20260116-EMP-NINA-SALES
099999123453,16/01/2026,PAYG WITHHOLDING REMITTANCE ATO Grace High Income QA PAY-20260116-EMP-GRACE-HIG,1046.06,,209049.55,PAYROLL_TAX,PAYG-PAY-20260116-EMP-GRACE-HIG
099999123453,16/01/2026,PAYG WITHHOLDING REMITTANCE ATO Ben Builder PAY-20260116-EMP-BEN-BUILDER,198.00,,208851.55,PAYROLL_TAX,PAYG-PAY-20260116-EMP-BEN-BUILDER
099999123453,16/01/2026,PAYG WITHHOLDING REMITTANCE ATO Amara Engineer PAY-20260116-EMP-AMARA-ENGINEER,377.00,,208474.55,PAYROLL_TAX,PAYG-PAY-20260116-EMP-AMARA-ENGINEER
099999123453,16/01/2026,WITHDRAWAL-OSKO PAYMENT Harbour Property Trust RENT-202601,10120.00,,198354.55,PAYMENT,BTP-000025
099999123453,09/01/2026,SUPER CLEARING HOUSE Nina Sales Representative PAY-20260109-EMP-NINA-SALES,128.63,,225434.02,SUPER,SUPER-PAY-20260109-EMP-NINA-SALES
099999123453,09/01/2026,SUPER CLEARING HOUSE Grace High Income QA PAY-20260109-EMP-GRACE-HIG,438.46,,224995.56,SUPER,SUPER-PAY-20260109-EMP-GRACE-HIG
099999123453,09/01/2026,SUPER CLEARING HOUSE Ben Builder PAY-20260109-EMP-BEN-BUILDER,140.65,,224854.91,SUPER,SUPER-PAY-20260109-EMP-BEN-BUILDER
099999123453,09/01/2026,SUPER CLEARING HOUSE Amara Engineer PAY-20260109-EMP-AMARA-ENGINEER,207.69,,224647.22,SUPER,SUPER-PAY-20260109-EMP-AMARA-ENGINEER
099999123453,09/01/2026,PAYROLL NET WAGE Nina Sales Representative PAY-20260109-EMP-NINA-SALES,906.90,,223740.32,PAYROLL,PAYNET-PAY-20260109-EMP-NINA-SALES
099999123453,09/01/2026,PAYROLL NET WAGE Grace High Income QA PAY-20260109-EMP-GRACE-HIG,2607.79,,221132.53,PAYROLL,PAYNET-PAY-20260109-EMP-GRACE-HIG
099999123453,09/01/2026,PAYROLL NET WAGE Ben Builder PAY-20260109-EMP-BEN-BUILDER,974.10,,220158.43,PAYROLL,PAYNET-PAY-20260109-EMP-BEN-BUILDER
099999123453,09/01/2026,PAYROLL NET WAGE Amara Engineer PAY-20260109-EMP-AMARA-ENGINEER,1353.77,,218804.66,PAYROLL,PAYNET-PAY-20260109-EMP-AMARA-ENGINEER
099999123453,09/01/2026,PAYG WITHHOLDING REMITTANCE ATO Nina Sales Representative PAY-20260109-EMP-NINA-SALES,165.00,,218639.66,PAYROLL_TAX,PAYG-PAY-20260109-EMP-NINA-SALES
099999123453,09/01/2026,PAYG WITHHOLDING REMITTANCE ATO Grace High Income QA PAY-20260109-EMP-GRACE-HIG,1046.06,,217593.60,PAYROLL_TAX,PAYG-PAY-20260109-EMP-GRACE-HIG
099999123453,09/01/2026,PAYG WITHHOLDING REMITTANCE ATO Ben Builder PAY-20260109-EMP-BEN-BUILDER,198.00,,217395.60,PAYROLL_TAX,PAYG-PAY-20260109-EMP-BEN-BUILDER
099999123453,09/01/2026,PAYG WITHHOLDING REMITTANCE ATO Amara Engineer PAY-20260109-EMP-AMARA-ENGINEER,377.00,,217018.60,PAYROLL_TAX,PAYG-PAY-20260109-EMP-AMARA-ENGINEER
099999123453,03/01/2026,WITHDRAWAL-OSKO PAYMENT Bank BANKFEE-202512,35.00,,225562.65,PAYMENT,BTP-000024
099999123453,02/01/2026,SUPER CLEARING HOUSE Nina Sales Representative PAY-20260102-EMP-NINA-SALES,272.63,,235213.07,SUPER,SUPER-PAY-20260102-EMP-NINA-SALES
099999123453,02/01/2026,SUPER CLEARING HOUSE Grace High Income QA PAY-20260102-EMP-GRACE-HIG,438.46,,234774.61,SUPER,SUPER-PAY-20260102-EMP-GRACE-HIG
099999123453,02/01/2026,SUPER CLEARING HOUSE Ben Builder PAY-20260102-EMP-BEN-BUILDER,140.65,,234633.96,SUPER,SUPER-PAY-20260102-EMP-BEN-BUILDER
099999123453,02/01/2026,SUPER CLEARING HOUSE Amara Engineer PAY-20260102-EMP-AMARA-ENGINEER,207.69,,234426.27,SUPER,SUPER-PAY-20260102-EMP-AMARA-ENGINEER
099999123453,02/01/2026,PAYROLL NET WAGE Nina Sales Representative PAY-20260102-EMP-NINA-SALES,1721.90,,232704.37,PAYROLL,PAYNET-PAY-20260102-EMP-NINA-SALES
099999123453,02/01/2026,PAYROLL NET WAGE Grace High Income QA PAY-20260102-EMP-GRACE-HIG,2607.79,,230096.58,PAYROLL,PAYNET-PAY-20260102-EMP-GRACE-HIG
099999123453,02/01/2026,PAYROLL NET WAGE Ben Builder PAY-20260102-EMP-BEN-BUILDER,974.10,,229122.48,PAYROLL,PAYNET-PAY-20260102-EMP-BEN-BUILDER
099999123453,02/01/2026,PAYROLL NET WAGE Amara Engineer PAY-20260102-EMP-AMARA-ENGINEER,1353.77,,227768.71,PAYROLL,PAYNET-PAY-20260102-EMP-AMARA-ENGINEER
099999123453,02/01/2026,PAYG WITHHOLDING REMITTANCE ATO Nina Sales Representative PAY-20260102-EMP-NINA-SALES,550.00,,227218.71,PAYROLL_TAX,PAYG-PAY-20260102-EMP-NINA-SALES
099999123453,02/01/2026,PAYG WITHHOLDING REMITTANCE ATO Grace High Income QA PAY-20260102-EMP-GRACE-HIG,1046.06,,226172.65,PAYROLL_TAX,PAYG-PAY-20260102-EMP-GRACE-HIG
099999123453,02/01/2026,PAYG WITHHOLDING REMITTANCE ATO Ben Builder PAY-20260102-EMP-BEN-BUILDER,198.00,,225974.65,PAYROLL_TAX,PAYG-PAY-20260102-EMP-BEN-BUILDER
099999123453,02/01/2026,PAYG WITHHOLDING REMITTANCE ATO Amara Engineer PAY-20260102-EMP-AMARA-ENGINEER,377.00,,225597.65,PAYROLL_TAX,PAYG-PAY-20260102-EMP-AMARA-ENGINEER
099999123453,26/12/2025,SUPER CLEARING HOUSE Nina Sales Representative PAY-20251226-EMP-NINA-SALES,128.63,,243901.12,SUPER,SUPER-PAY-20251226-EMP-NINA-SALES
099999123453,26/12/2025,SUPER CLEARING HOUSE Grace High Income QA PAY-20251226-EMP-GRACE-HIG,438.46,,243462.66,SUPER,SUPER-PAY-20251226-EMP-GRACE-HIG
099999123453,26/12/2025,SUPER CLEARING HOUSE Ben Builder PAY-20251226-EMP-BEN-BUILDER,140.65,,243322.01,SUPER,SUPER-PAY-20251226-EMP-BEN-BUILDER
099999123453,26/12/2025,SUPER CLEARING HOUSE Amara Engineer PAY-20251226-EMP-AMARA-ENGINEER,207.69,,243114.32,SUPER,SUPER-PAY-20251226-EMP-AMARA-ENGINEER
099999123453,26/12/2025,PAYROLL NET WAGE Nina Sales Representative PAY-20251226-EMP-NINA-SALES,906.90,,242207.42,PAYROLL,PAYNET-PAY-20251226-EMP-NINA-SALES
099999123453,26/12/2025,PAYROLL NET WAGE Grace High Income QA PAY-20251226-EMP-GRACE-HIG,2607.79,,239599.63,PAYROLL,PAYNET-PAY-20251226-EMP-GRACE-HIG
099999123453,26/12/2025,PAYROLL NET WAGE Ben Builder PAY-20251226-EMP-BEN-BUILDER,974.10,,238625.53,PAYROLL,PAYNET-PAY-20251226-EMP-BEN-BUILDER
099999123453,26/12/2025,PAYROLL NET WAGE Amara Engineer PAY-20251226-EMP-AMARA-ENGINEER,1353.77,,237271.76,PAYROLL,PAYNET-PAY-20251226-EMP-AMARA-ENGINEER
099999123453,26/12/2025,PAYG WITHHOLDING REMITTANCE ATO Nina Sales Representative PAY-20251226-EMP-NINA-SALES,165.00,,237106.76,PAYROLL_TAX,PAYG-PAY-20251226-EMP-NINA-SALES
099999123453,26/12/2025,PAYG WITHHOLDING REMITTANCE ATO Grace High Income QA PAY-20251226-EMP-GRACE-HIG,1046.06,,236060.70,PAYROLL_TAX,PAYG-PAY-20251226-EMP-GRACE-HIG
099999123453,26/12/2025,PAYG WITHHOLDING REMITTANCE ATO Ben Builder PAY-20251226-EMP-BEN-BUILDER,198.00,,235862.70,PAYROLL_TAX,PAYG-PAY-20251226-EMP-BEN-BUILDER
099999123453,26/12/2025,PAYG WITHHOLDING REMITTANCE ATO Amara Engineer PAY-20251226-EMP-AMARA-ENGINEER,377.00,,235485.70,PAYROLL_TAX,PAYG-PAY-20251226-EMP-AMARA-ENGINEER
099999123453,25/12/2025,WITHDRAWAL-OSKO PAYMENT Liam Surveying Contractors Pty Ltd CONTRACT-202512,3520.00,,244029.75,PAYMENT,BTP-000023
099999123453,22/12/2025,WITHDRAWAL-OSKO PAYMENT Cloud Software Vendors SOFT-202512,1595.00,,247549.75,PAYMENT,BTP-000022
099999123453,19/12/2025,SUPER CLEARING HOUSE Nina Sales Representative PAY-20251219-EMP-NINA-SALES,128.63,,257579.17,SUPER,SUPER-PAY-20251219-EMP-NINA-SALES
099999123453,19/12/2025,SUPER CLEARING HOUSE Grace High Income QA PAY-20251219-EMP-GRACE-HIG,438.46,,257140.71,SUPER,SUPER-PAY-20251219-EMP-GRACE-HIG
099999123453,19/12/2025,SUPER CLEARING HOUSE Ben Builder PAY-20251219-EMP-BEN-BUILDER,140.65,,257000.06,SUPER,SUPER-PAY-20251219-EMP-BEN-BUILDER
099999123453,19/12/2025,SUPER CLEARING HOUSE Amara Engineer PAY-20251219-EMP-AMARA-ENGINEER,207.69,,256792.37,SUPER,SUPER-PAY-20251219-EMP-AMARA-ENGINEER
099999123453,19/12/2025,PAYROLL NET WAGE Nina Sales Representative PAY-20251219-EMP-NINA-SALES,906.90,,255885.47,PAYROLL,PAYNET-PAY-20251219-EMP-NINA-SALES
099999123453,19/12/2025,PAYROLL NET WAGE Grace High Income QA PAY-20251219-EMP-GRACE-HIG,2607.79,,253277.68,PAYROLL,PAYNET-PAY-20251219-EMP-GRACE-HIG
099999123453,19/12/2025,PAYROLL NET WAGE Ben Builder PAY-20251219-EMP-BEN-BUILDER,987.10,,252290.58,PAYROLL,PAYNET-PAY-20251219-EMP-BEN-BUILDER
099999123453,19/12/2025,PAYROLL NET WAGE Amara Engineer PAY-20251219-EMP-AMARA-ENGINEER,1353.77,,250936.81,PAYROLL,PAYNET-PAY-20251219-EMP-AMARA-ENGINEER
099999123453,19/12/2025,PAYG WITHHOLDING REMITTANCE ATO Nina Sales Representative PAY-20251219-EMP-NINA-SALES,165.00,,250771.81,PAYROLL_TAX,PAYG-PAY-20251219-EMP-NINA-SALES
099999123453,19/12/2025,PAYG WITHHOLDING REMITTANCE ATO Grace High Income QA PAY-20251219-EMP-GRACE-HIG,1046.06,,249725.75,PAYROLL_TAX,PAYG-PAY-20251219-EMP-GRACE-HIG
099999123453,19/12/2025,PAYG WITHHOLDING REMITTANCE ATO Ben Builder PAY-20251219-EMP-BEN-BUILDER,204.00,,249521.75,PAYROLL_TAX,PAYG-PAY-20251219-EMP-BEN-BUILDER
099999123453,19/12/2025,PAYG WITHHOLDING REMITTANCE ATO Amara Engineer PAY-20251219-EMP-AMARA-ENGINEER,377.00,,249144.75,PAYROLL_TAX,PAYG-PAY-20251219-EMP-AMARA-ENGINEER
099999123453,18/12/2025,DEPOSIT OSKO PAYMENT Project Client A INV-006,,85250.00,257707.80,DEP,BTR-000006
099999123453,16/12/2025,WITHDRAWAL-OSKO PAYMENT Harbour Property Trust RENT-202512,10120.00,,172457.80,PAYMENT,BTP-000021
099999123453,12/12/2025,SUPER CLEARING HOUSE Nina Sales Representative PAY-20251212-EMP-NINA-SALES,128.63,,190993.22,SUPER,SUPER-PAY-20251212-EMP-NINA-SALES
099999123453,12/12/2025,SUPER CLEARING HOUSE Grace High Income QA PAY-20251212-EMP-GRACE-HIG,438.46,,190554.76,SUPER,SUPER-PAY-20251212-EMP-GRACE-HIG
099999123453,12/12/2025,SUPER CLEARING HOUSE Ben Builder PAY-20251212-EMP-BEN-BUILDER,140.65,,190414.11,SUPER,SUPER-PAY-20251212-EMP-BEN-BUILDER
099999123453,12/12/2025,SUPER CLEARING HOUSE Amara Engineer PAY-20251212-EMP-AMARA-ENGINEER,207.69,,190206.42,SUPER,SUPER-PAY-20251212-EMP-AMARA-ENGINEER
099999123453,12/12/2025,PAYROLL NET WAGE Nina Sales Representative PAY-20251212-EMP-NINA-SALES,906.90,,189299.52,PAYROLL,PAYNET-PAY-20251212-EMP-NINA-SALES
099999123453,12/12/2025,PAYROLL NET WAGE Grace High Income QA PAY-20251212-EMP-GRACE-HIG,2607.79,,186691.73,PAYROLL,PAYNET-PAY-20251212-EMP-GRACE-HIG
099999123453,12/12/2025,PAYROLL NET WAGE Ben Builder PAY-20251212-EMP-BEN-BUILDER,974.10,,185717.63,PAYROLL,PAYNET-PAY-20251212-EMP-BEN-BUILDER
099999123453,12/12/2025,PAYROLL NET WAGE Amara Engineer PAY-20251212-EMP-AMARA-ENGINEER,1353.77,,184363.86,PAYROLL,PAYNET-PAY-20251212-EMP-AMARA-ENGINEER
099999123453,12/12/2025,PAYG WITHHOLDING REMITTANCE ATO Nina Sales Representative PAY-20251212-EMP-NINA-SALES,165.00,,184198.86,PAYROLL_TAX,PAYG-PAY-20251212-EMP-NINA-SALES
099999123453,12/12/2025,PAYG WITHHOLDING REMITTANCE ATO Grace High Income QA PAY-20251212-EMP-GRACE-HIG,1046.06,,183152.80,PAYROLL_TAX,PAYG-PAY-20251212-EMP-GRACE-HIG
099999123453,12/12/2025,PAYG WITHHOLDING REMITTANCE ATO Ben Builder PAY-20251212-EMP-BEN-BUILDER,198.00,,182954.80,PAYROLL_TAX,PAYG-PAY-20251212-EMP-BEN-BUILDER
099999123453,12/12/2025,PAYG WITHHOLDING REMITTANCE ATO Amara Engineer PAY-20251212-EMP-AMARA-ENGINEER,377.00,,182577.80,PAYROLL_TAX,PAYG-PAY-20251212-EMP-AMARA-ENGINEER
099999123453,05/12/2025,SUPER CLEARING HOUSE Nina Sales Representative PAY-20251205-EMP-NINA-SALES,272.63,,200737.27,SUPER,SUPER-PAY-20251205-EMP-NINA-SALES
099999123453,05/12/2025,SUPER CLEARING HOUSE Grace High Income QA PAY-20251205-EMP-GRACE-HIG,438.46,,200298.81,SUPER,SUPER-PAY-20251205-EMP-GRACE-HIG
099999123453,05/12/2025,SUPER CLEARING HOUSE Ben Builder PAY-20251205-EMP-BEN-BUILDER,140.65,,200158.16,SUPER,SUPER-PAY-20251205-EMP-BEN-BUILDER
099999123453,05/12/2025,SUPER CLEARING HOUSE Amara Engineer PAY-20251205-EMP-AMARA-ENGINEER,207.69,,199950.47,SUPER,SUPER-PAY-20251205-EMP-AMARA-ENGINEER
099999123453,05/12/2025,PAYROLL NET WAGE Nina Sales Representative PAY-20251205-EMP-NINA-SALES,1721.90,,198228.57,PAYROLL,PAYNET-PAY-20251205-EMP-NINA-SALES
099999123453,05/12/2025,PAYROLL NET WAGE Grace High Income QA PAY-20251205-EMP-GRACE-HIG,2607.79,,195620.78,PAYROLL,PAYNET-PAY-20251205-EMP-GRACE-HIG
099999123453,05/12/2025,PAYROLL NET WAGE Ben Builder PAY-20251205-EMP-BEN-BUILDER,974.10,,194646.68,PAYROLL,PAYNET-PAY-20251205-EMP-BEN-BUILDER
099999123453,05/12/2025,PAYROLL NET WAGE Amara Engineer PAY-20251205-EMP-AMARA-ENGINEER,1353.77,,193292.91,PAYROLL,PAYNET-PAY-20251205-EMP-AMARA-ENGINEER
099999123453,05/12/2025,PAYG WITHHOLDING REMITTANCE ATO Nina Sales Representative PAY-20251205-EMP-NINA-SALES,550.00,,192742.91,PAYROLL_TAX,PAYG-PAY-20251205-EMP-NINA-SALES
099999123453,05/12/2025,PAYG WITHHOLDING REMITTANCE ATO Grace High Income QA PAY-20251205-EMP-GRACE-HIG,1046.06,,191696.85,PAYROLL_TAX,PAYG-PAY-20251205-EMP-GRACE-HIG
099999123453,05/12/2025,PAYG WITHHOLDING REMITTANCE ATO Ben Builder PAY-20251205-EMP-BEN-BUILDER,198.00,,191498.85,PAYROLL_TAX,PAYG-PAY-20251205-EMP-BEN-BUILDER
099999123453,05/12/2025,PAYG WITHHOLDING REMITTANCE ATO Amara Engineer PAY-20251205-EMP-AMARA-ENGINEER,377.00,,191121.85,PAYROLL_TAX,PAYG-PAY-20251205-EMP-AMARA-ENGINEER
099999123453,04/12/2025,WITHDRAWAL-OSKO PAYMENT Bank BANKFEE-202511,35.00,,201009.90,PAYMENT,BTP-000020
099999123453,28/11/2025,SUPER CLEARING HOUSE Nina Sales Representative PAY-20251128-EMP-NINA-SALES,128.63,,209460.32,SUPER,SUPER-PAY-20251128-EMP-NINA-SALES
099999123453,28/11/2025,SUPER CLEARING HOUSE Grace High Income QA PAY-20251128-EMP-GRACE-HIG,438.46,,209021.86,SUPER,SUPER-PAY-20251128-EMP-GRACE-HIG
099999123453,28/11/2025,SUPER CLEARING HOUSE Ben Builder PAY-20251128-EMP-BEN-BUILDER,140.65,,208881.21,SUPER,SUPER-PAY-20251128-EMP-BEN-BUILDER
099999123453,28/11/2025,SUPER CLEARING HOUSE Amara Engineer PAY-20251128-EMP-AMARA-ENGINEER,207.69,,208673.52,SUPER,SUPER-PAY-20251128-EMP-AMARA-ENGINEER
099999123453,28/11/2025,PAYROLL NET WAGE Nina Sales Representative PAY-20251128-EMP-NINA-SALES,906.90,,207766.62,PAYROLL,PAYNET-PAY-20251128-EMP-NINA-SALES
099999123453,28/11/2025,PAYROLL NET WAGE Grace High Income QA PAY-20251128-EMP-GRACE-HIG,2607.79,,205158.83,PAYROLL,PAYNET-PAY-20251128-EMP-GRACE-HIG
099999123453,28/11/2025,PAYROLL NET WAGE Ben Builder PAY-20251128-EMP-BEN-BUILDER,974.10,,204184.73,PAYROLL,PAYNET-PAY-20251128-EMP-BEN-BUILDER
099999123453,28/11/2025,PAYROLL NET WAGE Amara Engineer PAY-20251128-EMP-AMARA-ENGINEER,1353.77,,202830.96,PAYROLL,PAYNET-PAY-20251128-EMP-AMARA-ENGINEER
099999123453,28/11/2025,PAYG WITHHOLDING REMITTANCE ATO Nina Sales Representative PAY-20251128-EMP-NINA-SALES,165.00,,202665.96,PAYROLL_TAX,PAYG-PAY-20251128-EMP-NINA-SALES
099999123453,28/11/2025,PAYG WITHHOLDING REMITTANCE ATO Grace High Income QA PAY-20251128-EMP-GRACE-HIG,1046.06,,201619.90,PAYROLL_TAX,PAYG-PAY-20251128-EMP-GRACE-HIG
099999123453,28/11/2025,PAYG WITHHOLDING REMITTANCE ATO Ben Builder PAY-20251128-EMP-BEN-BUILDER,198.00,,201421.90,PAYROLL_TAX,PAYG-PAY-20251128-EMP-BEN-BUILDER
099999123453,28/11/2025,PAYG WITHHOLDING REMITTANCE ATO Amara Engineer PAY-20251128-EMP-AMARA-ENGINEER,377.00,,201044.90,PAYROLL_TAX,PAYG-PAY-20251128-EMP-AMARA-ENGINEER
099999123453,25/11/2025,WITHDRAWAL-OSKO PAYMENT Liam Surveying Contractors Pty Ltd CONTRACT-202511,3520.00,,209588.95,PAYMENT,BTP-000019
099999123453,22/11/2025,WITHDRAWAL-OSKO PAYMENT Cloud Software Vendors SOFT-202511,1595.00,,213108.95,PAYMENT,BTP-000018
099999123453,21/11/2025,SUPER CLEARING HOUSE Nina Sales Representative PAY-20251121-EMP-NINA-SALES,128.63,,223119.37,SUPER,SUPER-PAY-20251121-EMP-NINA-SALES
099999123453,21/11/2025,SUPER CLEARING HOUSE Grace High Income QA PAY-20251121-EMP-GRACE-HIG,438.46,,222680.91,SUPER,SUPER-PAY-20251121-EMP-GRACE-HIG
099999123453,21/11/2025,SUPER CLEARING HOUSE Ben Builder PAY-20251121-EMP-BEN-BUILDER,140.65,,222540.26,SUPER,SUPER-PAY-20251121-EMP-BEN-BUILDER
099999123453,21/11/2025,SUPER CLEARING HOUSE Amara Engineer PAY-20251121-EMP-AMARA-ENGINEER,207.69,,222332.57,SUPER,SUPER-PAY-20251121-EMP-AMARA-ENGINEER
099999123453,21/11/2025,PAYROLL NET WAGE Nina Sales Representative PAY-20251121-EMP-NINA-SALES,906.90,,221425.67,PAYROLL,PAYNET-PAY-20251121-EMP-NINA-SALES
099999123453,21/11/2025,PAYROLL NET WAGE Grace High Income QA PAY-20251121-EMP-GRACE-HIG,2607.79,,218817.88,PAYROLL,PAYNET-PAY-20251121-EMP-GRACE-HIG
099999123453,21/11/2025,PAYROLL NET WAGE Ben Builder PAY-20251121-EMP-BEN-BUILDER,974.10,,217843.78,PAYROLL,PAYNET-PAY-20251121-EMP-BEN-BUILDER
099999123453,21/11/2025,PAYROLL NET WAGE Amara Engineer PAY-20251121-EMP-AMARA-ENGINEER,1353.77,,216490.01,PAYROLL,PAYNET-PAY-20251121-EMP-AMARA-ENGINEER
099999123453,21/11/2025,PAYG WITHHOLDING REMITTANCE ATO Nina Sales Representative PAY-20251121-EMP-NINA-SALES,165.00,,216325.01,PAYROLL_TAX,PAYG-PAY-20251121-EMP-NINA-SALES
099999123453,21/11/2025,PAYG WITHHOLDING REMITTANCE ATO Grace High Income QA PAY-20251121-EMP-GRACE-HIG,1046.06,,215278.95,PAYROLL_TAX,PAYG-PAY-20251121-EMP-GRACE-HIG
099999123453,21/11/2025,PAYG WITHHOLDING REMITTANCE ATO Ben Builder PAY-20251121-EMP-BEN-BUILDER,198.00,,215080.95,PAYROLL_TAX,PAYG-PAY-20251121-EMP-BEN-BUILDER
099999123453,21/11/2025,PAYG WITHHOLDING REMITTANCE ATO Amara Engineer PAY-20251121-EMP-AMARA-ENGINEER,377.00,,214703.95,PAYROLL_TAX,PAYG-PAY-20251121-EMP-AMARA-ENGINEER
099999123453,18/11/2025,DEPOSIT OSKO PAYMENT Project Client C INV-005,,84975.00,223248.00,DEP,BTR-000005
099999123453,16/11/2025,WITHDRAWAL-OSKO PAYMENT Harbour Property Trust RENT-202511,10120.00,,138273.00,PAYMENT,BTP-000017
099999123453,14/11/2025,SUPER CLEARING HOUSE Nina Sales Representative PAY-20251114-EMP-NINA-SALES,128.63,,156827.42,SUPER,SUPER-PAY-20251114-EMP-NINA-SALES
099999123453,14/11/2025,SUPER CLEARING HOUSE Grace High Income QA PAY-20251114-EMP-GRACE-HIG,438.46,,156388.96,SUPER,SUPER-PAY-20251114-EMP-GRACE-HIG
099999123453,14/11/2025,SUPER CLEARING HOUSE Ben Builder PAY-20251114-EMP-BEN-BUILDER,140.65,,156248.31,SUPER,SUPER-PAY-20251114-EMP-BEN-BUILDER
099999123453,14/11/2025,SUPER CLEARING HOUSE Amara Engineer PAY-20251114-EMP-AMARA-ENGINEER,207.69,,156040.62,SUPER,SUPER-PAY-20251114-EMP-AMARA-ENGINEER
099999123453,14/11/2025,PAYROLL NET WAGE Nina Sales Representative PAY-20251114-EMP-NINA-SALES,906.90,,155133.72,PAYROLL,PAYNET-PAY-20251114-EMP-NINA-SALES
099999123453,14/11/2025,PAYROLL NET WAGE Grace High Income QA PAY-20251114-EMP-GRACE-HIG,2607.79,,152525.93,PAYROLL,PAYNET-PAY-20251114-EMP-GRACE-HIG
099999123453,14/11/2025,PAYROLL NET WAGE Ben Builder PAY-20251114-EMP-BEN-BUILDER,987.10,,151538.83,PAYROLL,PAYNET-PAY-20251114-EMP-BEN-BUILDER
099999123453,14/11/2025,PAYROLL NET WAGE Amara Engineer PAY-20251114-EMP-AMARA-ENGINEER,1353.77,,150185.06,PAYROLL,PAYNET-PAY-20251114-EMP-AMARA-ENGINEER
099999123453,14/11/2025,PAYG WITHHOLDING REMITTANCE ATO Nina Sales Representative PAY-20251114-EMP-NINA-SALES,165.00,,150020.06,PAYROLL_TAX,PAYG-PAY-20251114-EMP-NINA-SALES
099999123453,14/11/2025,PAYG WITHHOLDING REMITTANCE ATO Grace High Income QA PAY-20251114-EMP-GRACE-HIG,1046.06,,148974.00,PAYROLL_TAX,PAYG-PAY-20251114-EMP-GRACE-HIG
099999123453,14/11/2025,PAYG WITHHOLDING REMITTANCE ATO Ben Builder PAY-20251114-EMP-BEN-BUILDER,204.00,,148770.00,PAYROLL_TAX,PAYG-PAY-20251114-EMP-BEN-BUILDER
099999123453,14/11/2025,PAYG WITHHOLDING REMITTANCE ATO Amara Engineer PAY-20251114-EMP-AMARA-ENGINEER,377.00,,148393.00,PAYROLL_TAX,PAYG-PAY-20251114-EMP-AMARA-ENGINEER
099999123453,07/11/2025,SUPER CLEARING HOUSE Nina Sales Representative PAY-20251107-EMP-NINA-SALES,272.63,,166571.47,SUPER,SUPER-PAY-20251107-EMP-NINA-SALES
099999123453,07/11/2025,SUPER CLEARING HOUSE Grace High Income QA PAY-20251107-EMP-GRACE-HIG,438.46,,166133.01,SUPER,SUPER-PAY-20251107-EMP-GRACE-HIG
099999123453,07/11/2025,SUPER CLEARING HOUSE Ben Builder PAY-20251107-EMP-BEN-BUILDER,140.65,,165992.36,SUPER,SUPER-PAY-20251107-EMP-BEN-BUILDER
099999123453,07/11/2025,SUPER CLEARING HOUSE Amara Engineer PAY-20251107-EMP-AMARA-ENGINEER,207.69,,165784.67,SUPER,SUPER-PAY-20251107-EMP-AMARA-ENGINEER
099999123453,07/11/2025,PAYROLL NET WAGE Nina Sales Representative PAY-20251107-EMP-NINA-SALES,1721.90,,164062.77,PAYROLL,PAYNET-PAY-20251107-EMP-NINA-SALES
099999123453,07/11/2025,PAYROLL NET WAGE Grace High Income QA PAY-20251107-EMP-GRACE-HIG,2607.79,,161454.98,PAYROLL,PAYNET-PAY-20251107-EMP-GRACE-HIG
099999123453,07/11/2025,PAYROLL NET WAGE Ben Builder PAY-20251107-EMP-BEN-BUILDER,974.10,,160480.88,PAYROLL,PAYNET-PAY-20251107-EMP-BEN-BUILDER
099999123453,07/11/2025,PAYROLL NET WAGE Amara Engineer PAY-20251107-EMP-AMARA-ENGINEER,1353.77,,159127.11,PAYROLL,PAYNET-PAY-20251107-EMP-AMARA-ENGINEER
099999123453,07/11/2025,PAYG WITHHOLDING REMITTANCE ATO Nina Sales Representative PAY-20251107-EMP-NINA-SALES,550.00,,158577.11,PAYROLL_TAX,PAYG-PAY-20251107-EMP-NINA-SALES
099999123453,07/11/2025,PAYG WITHHOLDING REMITTANCE ATO Grace High Income QA PAY-20251107-EMP-GRACE-HIG,1046.06,,157531.05,PAYROLL_TAX,PAYG-PAY-20251107-EMP-GRACE-HIG
099999123453,07/11/2025,PAYG WITHHOLDING REMITTANCE ATO Ben Builder PAY-20251107-EMP-BEN-BUILDER,198.00,,157333.05,PAYROLL_TAX,PAYG-PAY-20251107-EMP-BEN-BUILDER
099999123453,07/11/2025,PAYG WITHHOLDING REMITTANCE ATO Amara Engineer PAY-20251107-EMP-AMARA-ENGINEER,377.00,,156956.05,PAYROLL_TAX,PAYG-PAY-20251107-EMP-AMARA-ENGINEER
099999123453,03/11/2025,WITHDRAWAL-OSKO PAYMENT Bank BANKFEE-202510,35.00,,166844.10,PAYMENT,BTP-000016
099999123453,31/10/2025,SUPER CLEARING HOUSE Nina Sales Representative PAY-20251031-EMP-NINA-SALES,128.63,,175294.52,SUPER,SUPER-PAY-20251031-EMP-NINA-SALES
099999123453,31/10/2025,SUPER CLEARING HOUSE Grace High Income QA PAY-20251031-EMP-GRACE-HIG,438.46,,174856.06,SUPER,SUPER-PAY-20251031-EMP-GRACE-HIG
099999123453,31/10/2025,SUPER CLEARING HOUSE Ben Builder PAY-20251031-EMP-BEN-BUILDER,140.65,,174715.41,SUPER,SUPER-PAY-20251031-EMP-BEN-BUILDER
099999123453,31/10/2025,SUPER CLEARING HOUSE Amara Engineer PAY-20251031-EMP-AMARA-ENGINEER,207.69,,174507.72,SUPER,SUPER-PAY-20251031-EMP-AMARA-ENGINEER
099999123453,31/10/2025,PAYROLL NET WAGE Nina Sales Representative PAY-20251031-EMP-NINA-SALES,906.90,,173600.82,PAYROLL,PAYNET-PAY-20251031-EMP-NINA-SALES
099999123453,31/10/2025,PAYROLL NET WAGE Grace High Income QA PAY-20251031-EMP-GRACE-HIG,2607.79,,170993.03,PAYROLL,PAYNET-PAY-20251031-EMP-GRACE-HIG
099999123453,31/10/2025,PAYROLL NET WAGE Ben Builder PAY-20251031-EMP-BEN-BUILDER,974.10,,170018.93,PAYROLL,PAYNET-PAY-20251031-EMP-BEN-BUILDER
099999123453,31/10/2025,PAYROLL NET WAGE Amara Engineer PAY-20251031-EMP-AMARA-ENGINEER,1353.77,,168665.16,PAYROLL,PAYNET-PAY-20251031-EMP-AMARA-ENGINEER
099999123453,31/10/2025,PAYG WITHHOLDING REMITTANCE ATO Nina Sales Representative PAY-20251031-EMP-NINA-SALES,165.00,,168500.16,PAYROLL_TAX,PAYG-PAY-20251031-EMP-NINA-SALES
099999123453,31/10/2025,PAYG WITHHOLDING REMITTANCE ATO Grace High Income QA PAY-20251031-EMP-GRACE-HIG,1046.06,,167454.10,PAYROLL_TAX,PAYG-PAY-20251031-EMP-GRACE-HIG
099999123453,31/10/2025,PAYG WITHHOLDING REMITTANCE ATO Ben Builder PAY-20251031-EMP-BEN-BUILDER,198.00,,167256.10,PAYROLL_TAX,PAYG-PAY-20251031-EMP-BEN-BUILDER
099999123453,31/10/2025,PAYG WITHHOLDING REMITTANCE ATO Amara Engineer PAY-20251031-EMP-AMARA-ENGINEER,377.00,,166879.10,PAYROLL_TAX,PAYG-PAY-20251031-EMP-AMARA-ENGINEER
099999123453,25/10/2025,WITHDRAWAL-OSKO PAYMENT Liam Surveying Contractors Pty Ltd CONTRACT-202510,3520.00,,175423.15,PAYMENT,BTP-000015
099999123453,24/10/2025,SUPER CLEARING HOUSE Nina Sales Representative PAY-20251024-EMP-NINA-SALES,128.63,,187358.57,SUPER,SUPER-PAY-20251024-EMP-NINA-SALES
099999123453,24/10/2025,SUPER CLEARING HOUSE Grace High Income QA PAY-20251024-EMP-GRACE-HIG,438.46,,186920.11,SUPER,SUPER-PAY-20251024-EMP-GRACE-HIG
099999123453,24/10/2025,SUPER CLEARING HOUSE Ben Builder PAY-20251024-EMP-BEN-BUILDER,140.65,,186779.46,SUPER,SUPER-PAY-20251024-EMP-BEN-BUILDER
099999123453,24/10/2025,SUPER CLEARING HOUSE Amara Engineer PAY-20251024-EMP-AMARA-ENGINEER,207.69,,186571.77,SUPER,SUPER-PAY-20251024-EMP-AMARA-ENGINEER
099999123453,24/10/2025,PAYROLL NET WAGE Nina Sales Representative PAY-20251024-EMP-NINA-SALES,906.90,,185664.87,PAYROLL,PAYNET-PAY-20251024-EMP-NINA-SALES
099999123453,24/10/2025,PAYROLL NET WAGE Grace High Income QA PAY-20251024-EMP-GRACE-HIG,2607.79,,183057.08,PAYROLL,PAYNET-PAY-20251024-EMP-GRACE-HIG
099999123453,24/10/2025,PAYROLL NET WAGE Ben Builder PAY-20251024-EMP-BEN-BUILDER,974.10,,182082.98,PAYROLL,PAYNET-PAY-20251024-EMP-BEN-BUILDER
099999123453,24/10/2025,PAYROLL NET WAGE Amara Engineer PAY-20251024-EMP-AMARA-ENGINEER,1353.77,,180729.21,PAYROLL,PAYNET-PAY-20251024-EMP-AMARA-ENGINEER
099999123453,24/10/2025,PAYG WITHHOLDING REMITTANCE ATO Nina Sales Representative PAY-20251024-EMP-NINA-SALES,165.00,,180564.21,PAYROLL_TAX,PAYG-PAY-20251024-EMP-NINA-SALES
099999123453,24/10/2025,PAYG WITHHOLDING REMITTANCE ATO Grace High Income QA PAY-20251024-EMP-GRACE-HIG,1046.06,,179518.15,PAYROLL_TAX,PAYG-PAY-20251024-EMP-GRACE-HIG
099999123453,24/10/2025,PAYG WITHHOLDING REMITTANCE ATO Ben Builder PAY-20251024-EMP-BEN-BUILDER,198.00,,179320.15,PAYROLL_TAX,PAYG-PAY-20251024-EMP-BEN-BUILDER
099999123453,24/10/2025,PAYG WITHHOLDING REMITTANCE ATO Amara Engineer PAY-20251024-EMP-AMARA-ENGINEER,377.00,,178943.15,PAYROLL_TAX,PAYG-PAY-20251024-EMP-AMARA-ENGINEER
099999123453,22/10/2025,WITHDRAWAL-OSKO PAYMENT Cloud Software Vendors SOFT-202510,1595.00,,187487.20,PAYMENT,BTP-000014
099999123453,18/10/2025,DEPOSIT OSKO PAYMENT Project Client B INV-004,,84700.00,189082.20,DEP,BTR-000004
099999123453,17/10/2025,SUPER CLEARING HOUSE Nina Sales Representative PAY-20251017-EMP-NINA-SALES,128.63,,112797.62,SUPER,SUPER-PAY-20251017-EMP-NINA-SALES
099999123453,17/10/2025,SUPER CLEARING HOUSE Grace High Income QA PAY-20251017-EMP-GRACE-HIG,438.46,,112359.16,SUPER,SUPER-PAY-20251017-EMP-GRACE-HIG
099999123453,17/10/2025,SUPER CLEARING HOUSE Ben Builder PAY-20251017-EMP-BEN-BUILDER,140.65,,112218.51,SUPER,SUPER-PAY-20251017-EMP-BEN-BUILDER
099999123453,17/10/2025,SUPER CLEARING HOUSE Amara Engineer PAY-20251017-EMP-AMARA-ENGINEER,207.69,,112010.82,SUPER,SUPER-PAY-20251017-EMP-AMARA-ENGINEER
099999123453,17/10/2025,PAYROLL NET WAGE Nina Sales Representative PAY-20251017-EMP-NINA-SALES,906.90,,111103.92,PAYROLL,PAYNET-PAY-20251017-EMP-NINA-SALES
099999123453,17/10/2025,PAYROLL NET WAGE Grace High Income QA PAY-20251017-EMP-GRACE-HIG,2607.79,,108496.13,PAYROLL,PAYNET-PAY-20251017-EMP-GRACE-HIG
099999123453,17/10/2025,PAYROLL NET WAGE Ben Builder PAY-20251017-EMP-BEN-BUILDER,974.10,,107522.03,PAYROLL,PAYNET-PAY-20251017-EMP-BEN-BUILDER
099999123453,17/10/2025,PAYROLL NET WAGE Amara Engineer PAY-20251017-EMP-AMARA-ENGINEER,1353.77,,106168.26,PAYROLL,PAYNET-PAY-20251017-EMP-AMARA-ENGINEER
099999123453,17/10/2025,PAYG WITHHOLDING REMITTANCE ATO Nina Sales Representative PAY-20251017-EMP-NINA-SALES,165.00,,106003.26,PAYROLL_TAX,PAYG-PAY-20251017-EMP-NINA-SALES
099999123453,17/10/2025,PAYG WITHHOLDING REMITTANCE ATO Grace High Income QA PAY-20251017-EMP-GRACE-HIG,1046.06,,104957.20,PAYROLL_TAX,PAYG-PAY-20251017-EMP-GRACE-HIG
099999123453,17/10/2025,PAYG WITHHOLDING REMITTANCE ATO Ben Builder PAY-20251017-EMP-BEN-BUILDER,198.00,,104759.20,PAYROLL_TAX,PAYG-PAY-20251017-EMP-BEN-BUILDER
099999123453,17/10/2025,PAYG WITHHOLDING REMITTANCE ATO Amara Engineer PAY-20251017-EMP-AMARA-ENGINEER,377.00,,104382.20,PAYROLL_TAX,PAYG-PAY-20251017-EMP-AMARA-ENGINEER
099999123453,16/10/2025,WITHDRAWAL-OSKO PAYMENT Harbour Property Trust RENT-202510,10120.00,,112926.25,PAYMENT,BTP-000013
099999123453,10/10/2025,SUPER CLEARING HOUSE Nina Sales Representative PAY-20251010-EMP-NINA-SALES,128.63,,131480.67,SUPER,SUPER-PAY-20251010-EMP-NINA-SALES
099999123453,10/10/2025,SUPER CLEARING HOUSE Grace High Income QA PAY-20251010-EMP-GRACE-HIG,438.46,,131042.21,SUPER,SUPER-PAY-20251010-EMP-GRACE-HIG
099999123453,10/10/2025,SUPER CLEARING HOUSE Ben Builder PAY-20251010-EMP-BEN-BUILDER,140.65,,130901.56,SUPER,SUPER-PAY-20251010-EMP-BEN-BUILDER
099999123453,10/10/2025,SUPER CLEARING HOUSE Amara Engineer PAY-20251010-EMP-AMARA-ENGINEER,207.69,,130693.87,SUPER,SUPER-PAY-20251010-EMP-AMARA-ENGINEER
099999123453,10/10/2025,PAYROLL NET WAGE Nina Sales Representative PAY-20251010-EMP-NINA-SALES,906.90,,129786.97,PAYROLL,PAYNET-PAY-20251010-EMP-NINA-SALES
099999123453,10/10/2025,PAYROLL NET WAGE Grace High Income QA PAY-20251010-EMP-GRACE-HIG,2607.79,,127179.18,PAYROLL,PAYNET-PAY-20251010-EMP-GRACE-HIG
099999123453,10/10/2025,PAYROLL NET WAGE Ben Builder PAY-20251010-EMP-BEN-BUILDER,987.10,,126192.08,PAYROLL,PAYNET-PAY-20251010-EMP-BEN-BUILDER
099999123453,10/10/2025,PAYROLL NET WAGE Amara Engineer PAY-20251010-EMP-AMARA-ENGINEER,1353.77,,124838.31,PAYROLL,PAYNET-PAY-20251010-EMP-AMARA-ENGINEER
099999123453,10/10/2025,PAYG WITHHOLDING REMITTANCE ATO Nina Sales Representative PAY-20251010-EMP-NINA-SALES,165.00,,124673.31,PAYROLL_TAX,PAYG-PAY-20251010-EMP-NINA-SALES
099999123453,10/10/2025,PAYG WITHHOLDING REMITTANCE ATO Grace High Income QA PAY-20251010-EMP-GRACE-HIG,1046.06,,123627.25,PAYROLL_TAX,PAYG-PAY-20251010-EMP-GRACE-HIG
099999123453,10/10/2025,PAYG WITHHOLDING REMITTANCE ATO Ben Builder PAY-20251010-EMP-BEN-BUILDER,204.00,,123423.25,PAYROLL_TAX,PAYG-PAY-20251010-EMP-BEN-BUILDER
099999123453,10/10/2025,PAYG WITHHOLDING REMITTANCE ATO Amara Engineer PAY-20251010-EMP-AMARA-ENGINEER,377.00,,123046.25,PAYROLL_TAX,PAYG-PAY-20251010-EMP-AMARA-ENGINEER
099999123453,04/10/2025,WITHDRAWAL-OSKO PAYMENT Bank BANKFEE-202509,35.00,,131609.30,PAYMENT,BTP-000012
099999123453,03/10/2025,SUPER CLEARING HOUSE Nina Sales Representative PAY-20251003-EMP-NINA-SALES,272.63,,141259.72,SUPER,SUPER-PAY-20251003-EMP-NINA-SALES
099999123453,03/10/2025,SUPER CLEARING HOUSE Grace High Income QA PAY-20251003-EMP-GRACE-HIG,438.46,,140821.26,SUPER,SUPER-PAY-20251003-EMP-GRACE-HIG
099999123453,03/10/2025,SUPER CLEARING HOUSE Ben Builder PAY-20251003-EMP-BEN-BUILDER,140.65,,140680.61,SUPER,SUPER-PAY-20251003-EMP-BEN-BUILDER
099999123453,03/10/2025,SUPER CLEARING HOUSE Amara Engineer PAY-20251003-EMP-AMARA-ENGINEER,207.69,,140472.92,SUPER,SUPER-PAY-20251003-EMP-AMARA-ENGINEER
099999123453,03/10/2025,PAYROLL NET WAGE Nina Sales Representative PAY-20251003-EMP-NINA-SALES,1721.90,,138751.02,PAYROLL,PAYNET-PAY-20251003-EMP-NINA-SALES
099999123453,03/10/2025,PAYROLL NET WAGE Grace High Income QA PAY-20251003-EMP-GRACE-HIG,2607.79,,136143.23,PAYROLL,PAYNET-PAY-20251003-EMP-GRACE-HIG
099999123453,03/10/2025,PAYROLL NET WAGE Ben Builder PAY-20251003-EMP-BEN-BUILDER,974.10,,135169.13,PAYROLL,PAYNET-PAY-20251003-EMP-BEN-BUILDER
099999123453,03/10/2025,PAYROLL NET WAGE Amara Engineer PAY-20251003-EMP-AMARA-ENGINEER,1353.77,,133815.36,PAYROLL,PAYNET-PAY-20251003-EMP-AMARA-ENGINEER
099999123453,03/10/2025,PAYG WITHHOLDING REMITTANCE ATO Nina Sales Representative PAY-20251003-EMP-NINA-SALES,550.00,,133265.36,PAYROLL_TAX,PAYG-PAY-20251003-EMP-NINA-SALES
099999123453,03/10/2025,PAYG WITHHOLDING REMITTANCE ATO Grace High Income QA PAY-20251003-EMP-GRACE-HIG,1046.06,,132219.30,PAYROLL_TAX,PAYG-PAY-20251003-EMP-GRACE-HIG
099999123453,03/10/2025,PAYG WITHHOLDING REMITTANCE ATO Ben Builder PAY-20251003-EMP-BEN-BUILDER,198.00,,132021.30,PAYROLL_TAX,PAYG-PAY-20251003-EMP-BEN-BUILDER
099999123453,03/10/2025,PAYG WITHHOLDING REMITTANCE ATO Amara Engineer PAY-20251003-EMP-AMARA-ENGINEER,377.00,,131644.30,PAYROLL_TAX,PAYG-PAY-20251003-EMP-AMARA-ENGINEER
099999123453,26/09/2025,SUPER CLEARING HOUSE Nina Sales Representative PAY-20250926-EMP-NINA-SALES,128.63,,149947.77,SUPER,SUPER-PAY-20250926-EMP-NINA-SALES
099999123453,26/09/2025,SUPER CLEARING HOUSE Grace High Income QA PAY-20250926-EMP-GRACE-HIG,438.46,,149509.31,SUPER,SUPER-PAY-20250926-EMP-GRACE-HIG
099999123453,26/09/2025,SUPER CLEARING HOUSE Ben Builder PAY-20250926-EMP-BEN-BUILDER,140.65,,149368.66,SUPER,SUPER-PAY-20250926-EMP-BEN-BUILDER
099999123453,26/09/2025,SUPER CLEARING HOUSE Amara Engineer PAY-20250926-EMP-AMARA-ENGINEER,207.69,,149160.97,SUPER,SUPER-PAY-20250926-EMP-AMARA-ENGINEER
099999123453,26/09/2025,PAYROLL NET WAGE Nina Sales Representative PAY-20250926-EMP-NINA-SALES,906.90,,148254.07,PAYROLL,PAYNET-PAY-20250926-EMP-NINA-SALES
099999123453,26/09/2025,PAYROLL NET WAGE Grace High Income QA PAY-20250926-EMP-GRACE-HIG,2607.79,,145646.28,PAYROLL,PAYNET-PAY-20250926-EMP-GRACE-HIG
099999123453,26/09/2025,PAYROLL NET WAGE Ben Builder PAY-20250926-EMP-BEN-BUILDER,974.10,,144672.18,PAYROLL,PAYNET-PAY-20250926-EMP-BEN-BUILDER
099999123453,26/09/2025,PAYROLL NET WAGE Amara Engineer PAY-20250926-EMP-AMARA-ENGINEER,1353.77,,143318.41,PAYROLL,PAYNET-PAY-20250926-EMP-AMARA-ENGINEER
099999123453,26/09/2025,PAYG WITHHOLDING REMITTANCE ATO Nina Sales Representative PAY-20250926-EMP-NINA-SALES,165.00,,143153.41,PAYROLL_TAX,PAYG-PAY-20250926-EMP-NINA-SALES
099999123453,26/09/2025,PAYG WITHHOLDING REMITTANCE ATO Grace High Income QA PAY-20250926-EMP-GRACE-HIG,1046.06,,142107.35,PAYROLL_TAX,PAYG-PAY-20250926-EMP-GRACE-HIG
099999123453,26/09/2025,PAYG WITHHOLDING REMITTANCE ATO Ben Builder PAY-20250926-EMP-BEN-BUILDER,198.00,,141909.35,PAYROLL_TAX,PAYG-PAY-20250926-EMP-BEN-BUILDER
099999123453,26/09/2025,PAYG WITHHOLDING REMITTANCE ATO Amara Engineer PAY-20250926-EMP-AMARA-ENGINEER,377.00,,141532.35,PAYROLL_TAX,PAYG-PAY-20250926-EMP-AMARA-ENGINEER
099999123453,25/09/2025,WITHDRAWAL-OSKO PAYMENT Liam Surveying Contractors Pty Ltd CONTRACT-202509,3520.00,,150076.40,PAYMENT,BTP-000011
099999123453,22/09/2025,WITHDRAWAL-OSKO PAYMENT Cloud Software Vendors SOFT-202509,1595.00,,153596.40,PAYMENT,BTP-000010
099999123453,19/09/2025,SUPER CLEARING HOUSE Nina Sales Representative PAY-20250919-EMP-NINA-SALES,128.63,,163606.82,SUPER,SUPER-PAY-20250919-EMP-NINA-SALES
099999123453,19/09/2025,SUPER CLEARING HOUSE Grace High Income QA PAY-20250919-EMP-GRACE-HIG,438.46,,163168.36,SUPER,SUPER-PAY-20250919-EMP-GRACE-HIG
099999123453,19/09/2025,SUPER CLEARING HOUSE Ben Builder PAY-20250919-EMP-BEN-BUILDER,140.65,,163027.71,SUPER,SUPER-PAY-20250919-EMP-BEN-BUILDER
099999123453,19/09/2025,SUPER CLEARING HOUSE Amara Engineer PAY-20250919-EMP-AMARA-ENGINEER,207.69,,162820.02,SUPER,SUPER-PAY-20250919-EMP-AMARA-ENGINEER
099999123453,19/09/2025,PAYROLL NET WAGE Nina Sales Representative PAY-20250919-EMP-NINA-SALES,906.90,,161913.12,PAYROLL,PAYNET-PAY-20250919-EMP-NINA-SALES
099999123453,19/09/2025,PAYROLL NET WAGE Grace High Income QA PAY-20250919-EMP-GRACE-HIG,2607.79,,159305.33,PAYROLL,PAYNET-PAY-20250919-EMP-GRACE-HIG
099999123453,19/09/2025,PAYROLL NET WAGE Ben Builder PAY-20250919-EMP-BEN-BUILDER,974.10,,158331.23,PAYROLL,PAYNET-PAY-20250919-EMP-BEN-BUILDER
099999123453,19/09/2025,PAYROLL NET WAGE Amara Engineer PAY-20250919-EMP-AMARA-ENGINEER,1353.77,,156977.46,PAYROLL,PAYNET-PAY-20250919-EMP-AMARA-ENGINEER
099999123453,19/09/2025,PAYG WITHHOLDING REMITTANCE ATO Nina Sales Representative PAY-20250919-EMP-NINA-SALES,165.00,,156812.46,PAYROLL_TAX,PAYG-PAY-20250919-EMP-NINA-SALES
099999123453,19/09/2025,PAYG WITHHOLDING REMITTANCE ATO Grace High Income QA PAY-20250919-EMP-GRACE-HIG,1046.06,,155766.40,PAYROLL_TAX,PAYG-PAY-20250919-EMP-GRACE-HIG
099999123453,19/09/2025,PAYG WITHHOLDING REMITTANCE ATO Ben Builder PAY-20250919-EMP-BEN-BUILDER,198.00,,155568.40,PAYROLL_TAX,PAYG-PAY-20250919-EMP-BEN-BUILDER
099999123453,19/09/2025,PAYG WITHHOLDING REMITTANCE ATO Amara Engineer PAY-20250919-EMP-AMARA-ENGINEER,377.00,,155191.40,PAYROLL_TAX,PAYG-PAY-20250919-EMP-AMARA-ENGINEER
099999123453,18/09/2025,DEPOSIT OSKO PAYMENT Project Client A INV-003,,84425.00,163735.45,DEP,BTR-000003
099999123453,16/09/2025,WITHDRAWAL-OSKO PAYMENT Harbour Property Trust RENT-202509,10120.00,,79310.45,PAYMENT,BTP-000009
099999123453,12/09/2025,SUPER CLEARING HOUSE Nina Sales Representative PAY-20250912-EMP-NINA-SALES,128.63,,97845.87,SUPER,SUPER-PAY-20250912-EMP-NINA-SALES
099999123453,12/09/2025,SUPER CLEARING HOUSE Grace High Income QA PAY-20250912-EMP-GRACE-HIG,438.46,,97407.41,SUPER,SUPER-PAY-20250912-EMP-GRACE-HIG
099999123453,12/09/2025,SUPER CLEARING HOUSE Ben Builder PAY-20250912-EMP-BEN-BUILDER,140.65,,97266.76,SUPER,SUPER-PAY-20250912-EMP-BEN-BUILDER
099999123453,12/09/2025,SUPER CLEARING HOUSE Amara Engineer PAY-20250912-EMP-AMARA-ENGINEER,207.69,,97059.07,SUPER,SUPER-PAY-20250912-EMP-AMARA-ENGINEER
099999123453,12/09/2025,PAYROLL NET WAGE Nina Sales Representative PAY-20250912-EMP-NINA-SALES,906.90,,96152.17,PAYROLL,PAYNET-PAY-20250912-EMP-NINA-SALES
099999123453,12/09/2025,PAYROLL NET WAGE Grace High Income QA PAY-20250912-EMP-GRACE-HIG,2607.79,,93544.38,PAYROLL,PAYNET-PAY-20250912-EMP-GRACE-HIG
099999123453,12/09/2025,PAYROLL NET WAGE Ben Builder PAY-20250912-EMP-BEN-BUILDER,974.10,,92570.28,PAYROLL,PAYNET-PAY-20250912-EMP-BEN-BUILDER
099999123453,12/09/2025,PAYROLL NET WAGE Amara Engineer PAY-20250912-EMP-AMARA-ENGINEER,1353.77,,91216.51,PAYROLL,PAYNET-PAY-20250912-EMP-AMARA-ENGINEER
099999123453,12/09/2025,PAYG WITHHOLDING REMITTANCE ATO Nina Sales Representative PAY-20250912-EMP-NINA-SALES,165.00,,91051.51,PAYROLL_TAX,PAYG-PAY-20250912-EMP-NINA-SALES
099999123453,12/09/2025,PAYG WITHHOLDING REMITTANCE ATO Grace High Income QA PAY-20250912-EMP-GRACE-HIG,1046.06,,90005.45,PAYROLL_TAX,PAYG-PAY-20250912-EMP-GRACE-HIG
099999123453,12/09/2025,PAYG WITHHOLDING REMITTANCE ATO Ben Builder PAY-20250912-EMP-BEN-BUILDER,198.00,,89807.45,PAYROLL_TAX,PAYG-PAY-20250912-EMP-BEN-BUILDER
099999123453,12/09/2025,PAYG WITHHOLDING REMITTANCE ATO Amara Engineer PAY-20250912-EMP-AMARA-ENGINEER,377.00,,89430.45,PAYROLL_TAX,PAYG-PAY-20250912-EMP-AMARA-ENGINEER
099999123453,05/09/2025,SUPER CLEARING HOUSE Nina Sales Representative PAY-20250905-EMP-NINA-SALES,272.63,,107608.92,SUPER,SUPER-PAY-20250905-EMP-NINA-SALES
099999123453,05/09/2025,SUPER CLEARING HOUSE Grace High Income QA PAY-20250905-EMP-GRACE-HIG,438.46,,107170.46,SUPER,SUPER-PAY-20250905-EMP-GRACE-HIG
099999123453,05/09/2025,SUPER CLEARING HOUSE Ben Builder PAY-20250905-EMP-BEN-BUILDER,140.65,,107029.81,SUPER,SUPER-PAY-20250905-EMP-BEN-BUILDER
099999123453,05/09/2025,SUPER CLEARING HOUSE Amara Engineer PAY-20250905-EMP-AMARA-ENGINEER,207.69,,106822.12,SUPER,SUPER-PAY-20250905-EMP-AMARA-ENGINEER
099999123453,05/09/2025,PAYROLL NET WAGE Nina Sales Representative PAY-20250905-EMP-NINA-SALES,1721.90,,105100.22,PAYROLL,PAYNET-PAY-20250905-EMP-NINA-SALES
099999123453,05/09/2025,PAYROLL NET WAGE Grace High Income QA PAY-20250905-EMP-GRACE-HIG,2607.79,,102492.43,PAYROLL,PAYNET-PAY-20250905-EMP-GRACE-HIG
099999123453,05/09/2025,PAYROLL NET WAGE Ben Builder PAY-20250905-EMP-BEN-BUILDER,987.10,,101505.33,PAYROLL,PAYNET-PAY-20250905-EMP-BEN-BUILDER
099999123453,05/09/2025,PAYROLL NET WAGE Amara Engineer PAY-20250905-EMP-AMARA-ENGINEER,1353.77,,100151.56,PAYROLL,PAYNET-PAY-20250905-EMP-AMARA-ENGINEER
099999123453,05/09/2025,PAYG WITHHOLDING REMITTANCE ATO Nina Sales Representative PAY-20250905-EMP-NINA-SALES,550.00,,99601.56,PAYROLL_TAX,PAYG-PAY-20250905-EMP-NINA-SALES
099999123453,05/09/2025,PAYG WITHHOLDING REMITTANCE ATO Grace High Income QA PAY-20250905-EMP-GRACE-HIG,1046.06,,98555.50,PAYROLL_TAX,PAYG-PAY-20250905-EMP-GRACE-HIG
099999123453,05/09/2025,PAYG WITHHOLDING REMITTANCE ATO Ben Builder PAY-20250905-EMP-BEN-BUILDER,204.00,,98351.50,PAYROLL_TAX,PAYG-PAY-20250905-EMP-BEN-BUILDER
099999123453,05/09/2025,PAYG WITHHOLDING REMITTANCE ATO Amara Engineer PAY-20250905-EMP-AMARA-ENGINEER,377.00,,97974.50,PAYROLL_TAX,PAYG-PAY-20250905-EMP-AMARA-ENGINEER
099999123453,03/09/2025,WITHDRAWAL-OSKO PAYMENT Bank BANKFEE-202508,35.00,,107881.55,PAYMENT,BTP-000008
099999123453,29/08/2025,SUPER CLEARING HOUSE Nina Sales Representative PAY-20250829-EMP-NINA-SALES,128.63,,116331.97,SUPER,SUPER-PAY-20250829-EMP-NINA-SALES
099999123453,29/08/2025,SUPER CLEARING HOUSE Grace High Income QA PAY-20250829-EMP-GRACE-HIG,438.46,,115893.51,SUPER,SUPER-PAY-20250829-EMP-GRACE-HIG
099999123453,29/08/2025,SUPER CLEARING HOUSE Ben Builder PAY-20250829-EMP-BEN-BUILDER,140.65,,115752.86,SUPER,SUPER-PAY-20250829-EMP-BEN-BUILDER
099999123453,29/08/2025,SUPER CLEARING HOUSE Amara Engineer PAY-20250829-EMP-AMARA-ENGINEER,207.69,,115545.17,SUPER,SUPER-PAY-20250829-EMP-AMARA-ENGINEER
099999123453,29/08/2025,PAYROLL NET WAGE Nina Sales Representative PAY-20250829-EMP-NINA-SALES,906.90,,114638.27,PAYROLL,PAYNET-PAY-20250829-EMP-NINA-SALES
099999123453,29/08/2025,PAYROLL NET WAGE Grace High Income QA PAY-20250829-EMP-GRACE-HIG,2607.79,,112030.48,PAYROLL,PAYNET-PAY-20250829-EMP-GRACE-HIG
099999123453,29/08/2025,PAYROLL NET WAGE Ben Builder PAY-20250829-EMP-BEN-BUILDER,974.10,,111056.38,PAYROLL,PAYNET-PAY-20250829-EMP-BEN-BUILDER
099999123453,29/08/2025,PAYROLL NET WAGE Amara Engineer PAY-20250829-EMP-AMARA-ENGINEER,1353.77,,109702.61,PAYROLL,PAYNET-PAY-20250829-EMP-AMARA-ENGINEER
099999123453,29/08/2025,PAYG WITHHOLDING REMITTANCE ATO Nina Sales Representative PAY-20250829-EMP-NINA-SALES,165.00,,109537.61,PAYROLL_TAX,PAYG-PAY-20250829-EMP-NINA-SALES
099999123453,29/08/2025,PAYG WITHHOLDING REMITTANCE ATO Grace High Income QA PAY-20250829-EMP-GRACE-HIG,1046.06,,108491.55,PAYROLL_TAX,PAYG-PAY-20250829-EMP-GRACE-HIG
099999123453,29/08/2025,PAYG WITHHOLDING REMITTANCE ATO Ben Builder PAY-20250829-EMP-BEN-BUILDER,198.00,,108293.55,PAYROLL_TAX,PAYG-PAY-20250829-EMP-BEN-BUILDER
099999123453,29/08/2025,PAYG WITHHOLDING REMITTANCE ATO Amara Engineer PAY-20250829-EMP-AMARA-ENGINEER,377.00,,107916.55,PAYROLL_TAX,PAYG-PAY-20250829-EMP-AMARA-ENGINEER
099999123453,25/08/2025,WITHDRAWAL-OSKO PAYMENT Liam Surveying Contractors Pty Ltd CONTRACT-202508,3520.00,,116460.60,PAYMENT,BTP-000007
099999123453,22/08/2025,SUPER CLEARING HOUSE Nina Sales Representative PAY-20250822-EMP-NINA-SALES,128.63,,129991.02,SUPER,SUPER-PAY-20250822-EMP-NINA-SALES
099999123453,22/08/2025,SUPER CLEARING HOUSE Grace High Income QA PAY-20250822-EMP-GRACE-HIG,438.46,,129552.56,SUPER,SUPER-PAY-20250822-EMP-GRACE-HIG
099999123453,22/08/2025,SUPER CLEARING HOUSE Ben Builder PAY-20250822-EMP-BEN-BUILDER,140.65,,129411.91,SUPER,SUPER-PAY-20250822-EMP-BEN-BUILDER
099999123453,22/08/2025,SUPER CLEARING HOUSE Amara Engineer PAY-20250822-EMP-AMARA-ENGINEER,207.69,,129204.22,SUPER,SUPER-PAY-20250822-EMP-AMARA-ENGINEER
099999123453,22/08/2025,PAYROLL NET WAGE Nina Sales Representative PAY-20250822-EMP-NINA-SALES,906.90,,128297.32,PAYROLL,PAYNET-PAY-20250822-EMP-NINA-SALES
099999123453,22/08/2025,PAYROLL NET WAGE Grace High Income QA PAY-20250822-EMP-GRACE-HIG,2607.79,,125689.53,PAYROLL,PAYNET-PAY-20250822-EMP-GRACE-HIG
099999123453,22/08/2025,PAYROLL NET WAGE Ben Builder PAY-20250822-EMP-BEN-BUILDER,974.10,,124715.43,PAYROLL,PAYNET-PAY-20250822-EMP-BEN-BUILDER
099999123453,22/08/2025,PAYROLL NET WAGE Amara Engineer PAY-20250822-EMP-AMARA-ENGINEER,1353.77,,123361.66,PAYROLL,PAYNET-PAY-20250822-EMP-AMARA-ENGINEER
099999123453,22/08/2025,PAYG WITHHOLDING REMITTANCE ATO Nina Sales Representative PAY-20250822-EMP-NINA-SALES,165.00,,123196.66,PAYROLL_TAX,PAYG-PAY-20250822-EMP-NINA-SALES
099999123453,22/08/2025,PAYG WITHHOLDING REMITTANCE ATO Grace High Income QA PAY-20250822-EMP-GRACE-HIG,1046.06,,122150.60,PAYROLL_TAX,PAYG-PAY-20250822-EMP-GRACE-HIG
099999123453,22/08/2025,PAYG WITHHOLDING REMITTANCE ATO Ben Builder PAY-20250822-EMP-BEN-BUILDER,198.00,,121952.60,PAYROLL_TAX,PAYG-PAY-20250822-EMP-BEN-BUILDER
099999123453,22/08/2025,PAYG WITHHOLDING REMITTANCE ATO Amara Engineer PAY-20250822-EMP-AMARA-ENGINEER,377.00,,121575.60,PAYROLL_TAX,PAYG-PAY-20250822-EMP-AMARA-ENGINEER
099999123453,22/08/2025,WITHDRAWAL-OSKO PAYMENT Cloud Software Vendors SOFT-202508,1595.00,,119980.60,PAYMENT,BTP-000006
099999123453,18/08/2025,DEPOSIT OSKO PAYMENT Project Client C INV-002,,84150.00,130119.65,DEP,BTR-000002
099999123453,16/08/2025,WITHDRAWAL-OSKO PAYMENT Harbour Property Trust RENT-202508,10120.00,,45969.65,PAYMENT,BTP-000005
099999123453,15/08/2025,SUPER CLEARING HOUSE Nina Sales Representative PAY-20250815-EMP-NINA-SALES,128.63,,64505.07,SUPER,SUPER-PAY-20250815-EMP-NINA-SALES
099999123453,15/08/2025,SUPER CLEARING HOUSE Grace High Income QA PAY-20250815-EMP-GRACE-HIG,438.46,,64066.61,SUPER,SUPER-PAY-20250815-EMP-GRACE-HIG
099999123453,15/08/2025,SUPER CLEARING HOUSE Ben Builder PAY-20250815-EMP-BEN-BUILDER,140.65,,63925.96,SUPER,SUPER-PAY-20250815-EMP-BEN-BUILDER
099999123453,15/08/2025,SUPER CLEARING HOUSE Amara Engineer PAY-20250815-EMP-AMARA-ENGINEER,207.69,,63718.27,SUPER,SUPER-PAY-20250815-EMP-AMARA-ENGINEER
099999123453,15/08/2025,PAYROLL NET WAGE Nina Sales Representative PAY-20250815-EMP-NINA-SALES,906.90,,62811.37,PAYROLL,PAYNET-PAY-20250815-EMP-NINA-SALES
099999123453,15/08/2025,PAYROLL NET WAGE Grace High Income QA PAY-20250815-EMP-GRACE-HIG,2607.79,,60203.58,PAYROLL,PAYNET-PAY-20250815-EMP-GRACE-HIG
099999123453,15/08/2025,PAYROLL NET WAGE Ben Builder PAY-20250815-EMP-BEN-BUILDER,974.10,,59229.48,PAYROLL,PAYNET-PAY-20250815-EMP-BEN-BUILDER
099999123453,15/08/2025,PAYROLL NET WAGE Amara Engineer PAY-20250815-EMP-AMARA-ENGINEER,1353.77,,57875.71,PAYROLL,PAYNET-PAY-20250815-EMP-AMARA-ENGINEER
099999123453,15/08/2025,PAYG WITHHOLDING REMITTANCE ATO Nina Sales Representative PAY-20250815-EMP-NINA-SALES,165.00,,57710.71,PAYROLL_TAX,PAYG-PAY-20250815-EMP-NINA-SALES
099999123453,15/08/2025,PAYG WITHHOLDING REMITTANCE ATO Grace High Income QA PAY-20250815-EMP-GRACE-HIG,1046.06,,56664.65,PAYROLL_TAX,PAYG-PAY-20250815-EMP-GRACE-HIG
099999123453,15/08/2025,PAYG WITHHOLDING REMITTANCE ATO Ben Builder PAY-20250815-EMP-BEN-BUILDER,198.00,,56466.65,PAYROLL_TAX,PAYG-PAY-20250815-EMP-BEN-BUILDER
099999123453,15/08/2025,PAYG WITHHOLDING REMITTANCE ATO Amara Engineer PAY-20250815-EMP-AMARA-ENGINEER,377.00,,56089.65,PAYROLL_TAX,PAYG-PAY-20250815-EMP-AMARA-ENGINEER
099999123453,08/08/2025,SUPER CLEARING HOUSE Nina Sales Representative PAY-20250808-EMP-NINA-SALES,128.63,,73049.12,SUPER,SUPER-PAY-20250808-EMP-NINA-SALES
099999123453,08/08/2025,SUPER CLEARING HOUSE Grace High Income QA PAY-20250808-EMP-GRACE-HIG,438.46,,72610.66,SUPER,SUPER-PAY-20250808-EMP-GRACE-HIG
099999123453,08/08/2025,SUPER CLEARING HOUSE Ben Builder PAY-20250808-EMP-BEN-BUILDER,140.65,,72470.01,SUPER,SUPER-PAY-20250808-EMP-BEN-BUILDER
099999123453,08/08/2025,SUPER CLEARING HOUSE Amara Engineer PAY-20250808-EMP-AMARA-ENGINEER,207.69,,72262.32,SUPER,SUPER-PAY-20250808-EMP-AMARA-ENGINEER
099999123453,08/08/2025,PAYROLL NET WAGE Nina Sales Representative PAY-20250808-EMP-NINA-SALES,906.90,,71355.42,PAYROLL,PAYNET-PAY-20250808-EMP-NINA-SALES
099999123453,08/08/2025,PAYROLL NET WAGE Grace High Income QA PAY-20250808-EMP-GRACE-HIG,2607.79,,68747.63,PAYROLL,PAYNET-PAY-20250808-EMP-GRACE-HIG
099999123453,08/08/2025,PAYROLL NET WAGE Ben Builder PAY-20250808-EMP-BEN-BUILDER,974.10,,67773.53,PAYROLL,PAYNET-PAY-20250808-EMP-BEN-BUILDER
099999123453,08/08/2025,PAYROLL NET WAGE Amara Engineer PAY-20250808-EMP-AMARA-ENGINEER,1353.77,,66419.76,PAYROLL,PAYNET-PAY-20250808-EMP-AMARA-ENGINEER
099999123453,08/08/2025,PAYG WITHHOLDING REMITTANCE ATO Nina Sales Representative PAY-20250808-EMP-NINA-SALES,165.00,,66254.76,PAYROLL_TAX,PAYG-PAY-20250808-EMP-NINA-SALES
099999123453,08/08/2025,PAYG WITHHOLDING REMITTANCE ATO Grace High Income QA PAY-20250808-EMP-GRACE-HIG,1046.06,,65208.70,PAYROLL_TAX,PAYG-PAY-20250808-EMP-GRACE-HIG
099999123453,08/08/2025,PAYG WITHHOLDING REMITTANCE ATO Ben Builder PAY-20250808-EMP-BEN-BUILDER,198.00,,65010.70,PAYROLL_TAX,PAYG-PAY-20250808-EMP-BEN-BUILDER
099999123453,08/08/2025,PAYG WITHHOLDING REMITTANCE ATO Amara Engineer PAY-20250808-EMP-AMARA-ENGINEER,377.00,,64633.70,PAYROLL_TAX,PAYG-PAY-20250808-EMP-AMARA-ENGINEER
099999123453,03/08/2025,WITHDRAWAL-OSKO PAYMENT Bank BANKFEE-202507,35.00,,73177.75,PAYMENT,BTP-000004
099999123453,01/08/2025,SUPER CLEARING HOUSE Nina Sales Representative PAY-20250801-EMP-NINA-SALES,272.63,,82847.17,SUPER,SUPER-PAY-20250801-EMP-NINA-SALES
099999123453,01/08/2025,SUPER CLEARING HOUSE Grace High Income QA PAY-20250801-EMP-GRACE-HIG,438.46,,82408.71,SUPER,SUPER-PAY-20250801-EMP-GRACE-HIG
099999123453,01/08/2025,SUPER CLEARING HOUSE Ben Builder PAY-20250801-EMP-BEN-BUILDER,140.65,,82268.06,SUPER,SUPER-PAY-20250801-EMP-BEN-BUILDER
099999123453,01/08/2025,SUPER CLEARING HOUSE Amara Engineer PAY-20250801-EMP-AMARA-ENGINEER,207.69,,82060.37,SUPER,SUPER-PAY-20250801-EMP-AMARA-ENGINEER
099999123453,01/08/2025,PAYROLL NET WAGE Nina Sales Representative PAY-20250801-EMP-NINA-SALES,1721.90,,80338.47,PAYROLL,PAYNET-PAY-20250801-EMP-NINA-SALES
099999123453,01/08/2025,PAYROLL NET WAGE Grace High Income QA PAY-20250801-EMP-GRACE-HIG,2607.79,,77730.68,PAYROLL,PAYNET-PAY-20250801-EMP-GRACE-HIG
099999123453,01/08/2025,PAYROLL NET WAGE Ben Builder PAY-20250801-EMP-BEN-BUILDER,987.10,,76743.58,PAYROLL,PAYNET-PAY-20250801-EMP-BEN-BUILDER
099999123453,01/08/2025,PAYROLL NET WAGE Amara Engineer PAY-20250801-EMP-AMARA-ENGINEER,1353.77,,75389.81,PAYROLL,PAYNET-PAY-20250801-EMP-AMARA-ENGINEER
099999123453,01/08/2025,PAYG WITHHOLDING REMITTANCE ATO Nina Sales Representative PAY-20250801-EMP-NINA-SALES,550.00,,74839.81,PAYROLL_TAX,PAYG-PAY-20250801-EMP-NINA-SALES
099999123453,01/08/2025,PAYG WITHHOLDING REMITTANCE ATO Grace High Income QA PAY-20250801-EMP-GRACE-HIG,1046.06,,73793.75,PAYROLL_TAX,PAYG-PAY-20250801-EMP-GRACE-HIG
099999123453,01/08/2025,PAYG WITHHOLDING REMITTANCE ATO Ben Builder PAY-20250801-EMP-BEN-BUILDER,204.00,,73589.75,PAYROLL_TAX,PAYG-PAY-20250801-EMP-BEN-BUILDER
099999123453,01/08/2025,PAYG WITHHOLDING REMITTANCE ATO Amara Engineer PAY-20250801-EMP-AMARA-ENGINEER,377.00,,73212.75,PAYROLL_TAX,PAYG-PAY-20250801-EMP-AMARA-ENGINEER
099999123453,25/07/2025,SUPER CLEARING HOUSE Nina Sales Representative PAY-20250725-EMP-NINA-SALES,128.63,,95055.22,SUPER,SUPER-PAY-20250725-EMP-NINA-SALES
099999123453,25/07/2025,SUPER CLEARING HOUSE Grace High Income QA PAY-20250725-EMP-GRACE-HIG,438.46,,94616.76,SUPER,SUPER-PAY-20250725-EMP-GRACE-HIG
099999123453,25/07/2025,SUPER CLEARING HOUSE Ben Builder PAY-20250725-EMP-BEN-BUILDER,140.65,,94476.11,SUPER,SUPER-PAY-20250725-EMP-BEN-BUILDER
099999123453,25/07/2025,SUPER CLEARING HOUSE Amara Engineer PAY-20250725-EMP-AMARA-ENGINEER,207.69,,94268.42,SUPER,SUPER-PAY-20250725-EMP-AMARA-ENGINEER
099999123453,25/07/2025,PAYROLL NET WAGE Nina Sales Representative PAY-20250725-EMP-NINA-SALES,906.90,,93361.52,PAYROLL,PAYNET-PAY-20250725-EMP-NINA-SALES
099999123453,25/07/2025,PAYROLL NET WAGE Grace High Income QA PAY-20250725-EMP-GRACE-HIG,2607.79,,90753.73,PAYROLL,PAYNET-PAY-20250725-EMP-GRACE-HIG
099999123453,25/07/2025,PAYROLL NET WAGE Ben Builder PAY-20250725-EMP-BEN-BUILDER,974.10,,89779.63,PAYROLL,PAYNET-PAY-20250725-EMP-BEN-BUILDER
099999123453,25/07/2025,PAYROLL NET WAGE Amara Engineer PAY-20250725-EMP-AMARA-ENGINEER,1353.77,,88425.86,PAYROLL,PAYNET-PAY-20250725-EMP-AMARA-ENGINEER
099999123453,25/07/2025,PAYG WITHHOLDING REMITTANCE ATO Nina Sales Representative PAY-20250725-EMP-NINA-SALES,165.00,,88260.86,PAYROLL_TAX,PAYG-PAY-20250725-EMP-NINA-SALES
099999123453,25/07/2025,PAYG WITHHOLDING REMITTANCE ATO Grace High Income QA PAY-20250725-EMP-GRACE-HIG,1046.06,,87214.80,PAYROLL_TAX,PAYG-PAY-20250725-EMP-GRACE-HIG
099999123453,25/07/2025,PAYG WITHHOLDING REMITTANCE ATO Ben Builder PAY-20250725-EMP-BEN-BUILDER,198.00,,87016.80,PAYROLL_TAX,PAYG-PAY-20250725-EMP-BEN-BUILDER
099999123453,25/07/2025,PAYG WITHHOLDING REMITTANCE ATO Amara Engineer PAY-20250725-EMP-AMARA-ENGINEER,377.00,,86639.80,PAYROLL_TAX,PAYG-PAY-20250725-EMP-AMARA-ENGINEER
099999123453,25/07/2025,WITHDRAWAL-OSKO PAYMENT Liam Surveying Contractors Pty Ltd CONTRACT-202507,3520.00,,83119.80,PAYMENT,BTP-000003
099999123453,22/07/2025,WITHDRAWAL-OSKO PAYMENT Cloud Software Vendors SOFT-202507,1595.00,,95183.85,PAYMENT,BTP-000002
099999123453,18/07/2025,SUPER CLEARING HOUSE Nina Sales Representative PAY-20250718-EMP-NINA-SALES,128.63,,21319.27,SUPER,SUPER-PAY-20250718-EMP-NINA-SALES
099999123453,18/07/2025,SUPER CLEARING HOUSE Grace High Income QA PAY-20250718-EMP-GRACE-HIG,438.46,,20880.81,SUPER,SUPER-PAY-20250718-EMP-GRACE-HIG
099999123453,18/07/2025,SUPER CLEARING HOUSE Ben Builder PAY-20250718-EMP-BEN-BUILDER,140.65,,20740.16,SUPER,SUPER-PAY-20250718-EMP-BEN-BUILDER
099999123453,18/07/2025,SUPER CLEARING HOUSE Amara Engineer PAY-20250718-EMP-AMARA-ENGINEER,207.69,,20532.47,SUPER,SUPER-PAY-20250718-EMP-AMARA-ENGINEER
099999123453,18/07/2025,PAYROLL NET WAGE Nina Sales Representative PAY-20250718-EMP-NINA-SALES,906.90,,19625.57,PAYROLL,PAYNET-PAY-20250718-EMP-NINA-SALES
099999123453,18/07/2025,PAYROLL NET WAGE Grace High Income QA PAY-20250718-EMP-GRACE-HIG,2607.79,,17017.78,PAYROLL,PAYNET-PAY-20250718-EMP-GRACE-HIG
099999123453,18/07/2025,PAYROLL NET WAGE Ben Builder PAY-20250718-EMP-BEN-BUILDER,974.10,,16043.68,PAYROLL,PAYNET-PAY-20250718-EMP-BEN-BUILDER
099999123453,18/07/2025,PAYROLL NET WAGE Amara Engineer PAY-20250718-EMP-AMARA-ENGINEER,1353.77,,14689.91,PAYROLL,PAYNET-PAY-20250718-EMP-AMARA-ENGINEER
099999123453,18/07/2025,PAYG WITHHOLDING REMITTANCE ATO Nina Sales Representative PAY-20250718-EMP-NINA-SALES,165.00,,14524.91,PAYROLL_TAX,PAYG-PAY-20250718-EMP-NINA-SALES
099999123453,18/07/2025,PAYG WITHHOLDING REMITTANCE ATO Grace High Income QA PAY-20250718-EMP-GRACE-HIG,1046.06,,13478.85,PAYROLL_TAX,PAYG-PAY-20250718-EMP-GRACE-HIG
099999123453,18/07/2025,PAYG WITHHOLDING REMITTANCE ATO Ben Builder PAY-20250718-EMP-BEN-BUILDER,198.00,,13280.85,PAYROLL_TAX,PAYG-PAY-20250718-EMP-BEN-BUILDER
099999123453,18/07/2025,PAYG WITHHOLDING REMITTANCE ATO Amara Engineer PAY-20250718-EMP-AMARA-ENGINEER,377.00,,12903.85,PAYROLL_TAX,PAYG-PAY-20250718-EMP-AMARA-ENGINEER
099999123453,18/07/2025,DEPOSIT OSKO PAYMENT Project Client B INV-001,,83875.00,96778.85,DEP,BTR-000001
099999123453,16/07/2025,WITHDRAWAL-OSKO PAYMENT Harbour Property Trust RENT-202507,10120.00,,21447.90,PAYMENT,BTP-000001
099999123453,11/07/2025,SUPER CLEARING HOUSE Nina Sales Representative PAY-20250711-EMP-NINA-SALES,128.63,,39983.32,SUPER,SUPER-PAY-20250711-EMP-NINA-SALES
099999123453,11/07/2025,SUPER CLEARING HOUSE Grace High Income QA PAY-20250711-EMP-GRACE-HIG,438.46,,39544.86,SUPER,SUPER-PAY-20250711-EMP-GRACE-HIG
099999123453,11/07/2025,SUPER CLEARING HOUSE Ben Builder PAY-20250711-EMP-BEN-BUILDER,140.65,,39404.21,SUPER,SUPER-PAY-20250711-EMP-BEN-BUILDER
099999123453,11/07/2025,SUPER CLEARING HOUSE Amara Engineer PAY-20250711-EMP-AMARA-ENGINEER,207.69,,39196.52,SUPER,SUPER-PAY-20250711-EMP-AMARA-ENGINEER
099999123453,11/07/2025,PAYROLL NET WAGE Nina Sales Representative PAY-20250711-EMP-NINA-SALES,906.90,,38289.62,PAYROLL,PAYNET-PAY-20250711-EMP-NINA-SALES
099999123453,11/07/2025,PAYROLL NET WAGE Grace High Income QA PAY-20250711-EMP-GRACE-HIG,2607.79,,35681.83,PAYROLL,PAYNET-PAY-20250711-EMP-GRACE-HIG
099999123453,11/07/2025,PAYROLL NET WAGE Ben Builder PAY-20250711-EMP-BEN-BUILDER,974.10,,34707.73,PAYROLL,PAYNET-PAY-20250711-EMP-BEN-BUILDER
099999123453,11/07/2025,PAYROLL NET WAGE Amara Engineer PAY-20250711-EMP-AMARA-ENGINEER,1353.77,,33353.96,PAYROLL,PAYNET-PAY-20250711-EMP-AMARA-ENGINEER
099999123453,11/07/2025,PAYG WITHHOLDING REMITTANCE ATO Nina Sales Representative PAY-20250711-EMP-NINA-SALES,165.00,,33188.96,PAYROLL_TAX,PAYG-PAY-20250711-EMP-NINA-SALES
099999123453,11/07/2025,PAYG WITHHOLDING REMITTANCE ATO Grace High Income QA PAY-20250711-EMP-GRACE-HIG,1046.06,,32142.90,PAYROLL_TAX,PAYG-PAY-20250711-EMP-GRACE-HIG
099999123453,11/07/2025,PAYG WITHHOLDING REMITTANCE ATO Ben Builder PAY-20250711-EMP-BEN-BUILDER,198.00,,31944.90,PAYROLL_TAX,PAYG-PAY-20250711-EMP-BEN-BUILDER
099999123453,11/07/2025,PAYG WITHHOLDING REMITTANCE ATO Amara Engineer PAY-20250711-EMP-AMARA-ENGINEER,377.00,,31567.90,PAYROLL_TAX,PAYG-PAY-20250711-EMP-AMARA-ENGINEER
099999123453,04/07/2025,SUPER CLEARING HOUSE Nina Sales Representative PAY-20250704-EMP-NINA-SALES,272.63,,49727.37,SUPER,SUPER-PAY-20250704-EMP-NINA-SALES
099999123453,04/07/2025,SUPER CLEARING HOUSE Grace High Income QA PAY-20250704-EMP-GRACE-HIG,438.46,,49288.91,SUPER,SUPER-PAY-20250704-EMP-GRACE-HIG
099999123453,04/07/2025,SUPER CLEARING HOUSE Ben Builder PAY-20250704-EMP-BEN-BUILDER,140.65,,49148.26,SUPER,SUPER-PAY-20250704-EMP-BEN-BUILDER
099999123453,04/07/2025,SUPER CLEARING HOUSE Amara Engineer PAY-20250704-EMP-AMARA-ENGINEER,207.69,,48940.57,SUPER,SUPER-PAY-20250704-EMP-AMARA-ENGINEER
099999123453,04/07/2025,PAYROLL NET WAGE Nina Sales Representative PAY-20250704-EMP-NINA-SALES,1721.90,,47218.67,PAYROLL,PAYNET-PAY-20250704-EMP-NINA-SALES
099999123453,04/07/2025,PAYROLL NET WAGE Grace High Income QA PAY-20250704-EMP-GRACE-HIG,2607.79,,44610.88,PAYROLL,PAYNET-PAY-20250704-EMP-GRACE-HIG
099999123453,04/07/2025,PAYROLL NET WAGE Ben Builder PAY-20250704-EMP-BEN-BUILDER,974.10,,43636.78,PAYROLL,PAYNET-PAY-20250704-EMP-BEN-BUILDER
099999123453,04/07/2025,PAYROLL NET WAGE Amara Engineer PAY-20250704-EMP-AMARA-ENGINEER,1353.77,,42283.01,PAYROLL,PAYNET-PAY-20250704-EMP-AMARA-ENGINEER
099999123453,04/07/2025,PAYG WITHHOLDING REMITTANCE ATO Nina Sales Representative PAY-20250704-EMP-NINA-SALES,550.00,,41733.01,PAYROLL_TAX,PAYG-PAY-20250704-EMP-NINA-SALES
099999123453,04/07/2025,PAYG WITHHOLDING REMITTANCE ATO Grace High Income QA PAY-20250704-EMP-GRACE-HIG,1046.06,,40686.95,PAYROLL_TAX,PAYG-PAY-20250704-EMP-GRACE-HIG
099999123453,04/07/2025,PAYG WITHHOLDING REMITTANCE ATO Ben Builder PAY-20250704-EMP-BEN-BUILDER,198.00,,40488.95,PAYROLL_TAX,PAYG-PAY-20250704-EMP-BEN-BUILDER
099999123453,04/07/2025,PAYG WITHHOLDING REMITTANCE ATO Amara Engineer PAY-20250704-EMP-AMARA-ENGINEER,377.00,,40111.95,PAYROLL_TAX,PAYG-PAY-20250704-EMP-AMARA-ENGINEER
