Bank Account,Date,Narrative,Debit Amount,Credit Amount,Balance,Categories,Serial
099999123453,04/07/2026,WITHDRAWAL-OSKO PAYMENT Bank BANKFEE-202606,35.00,,442001.68,PAYMENT,BTP-000048
099999123453,26/06/2026,SUPER CLEARING HOUSE Nina Sales Representative PAY-20260626-EMP-NINA-SALES,128.63,,450236.71,SUPER,SUPER-PAY-20260626-EMP-NINA-SALES
099999123453,26/06/2026,SUPER CLEARING HOUSE Grace High Income QA PAY-20260626-EMP-GRACE-HIG,415.38,,449821.33,SUPER,SUPER-PAY-20260626-EMP-GRACE-HIG
099999123453,26/06/2026,SUPER CLEARING HOUSE Ben Builder PAY-20260626-EMP-BEN-BUILDER,140.65,,449680.68,SUPER,SUPER-PAY-20260626-EMP-BEN-BUILDER
099999123453,26/06/2026,SUPER CLEARING HOUSE Amara Engineer PAY-20260626-EMP-AMARA-ENGINEER,207.69,,449472.99,SUPER,SUPER-PAY-20260626-EMP-AMARA-ENGINEER
099999123453,26/06/2026,PAYROLL NET WAGE Nina Sales Representative PAY-20260626-EMP-NINA-SALES,906.90,,448566.09,PAYROLL,PAYNET-PAY-20260626-EMP-NINA-SALES
099999123453,26/06/2026,PAYROLL NET WAGE Grace High Income QA PAY-20260626-EMP-GRACE-HIG,2470.54,,446095.55,PAYROLL,PAYNET-PAY-20260626-EMP-GRACE-HIG
099999123453,26/06/2026,PAYROLL NET WAGE Ben Builder PAY-20260626-EMP-BEN-BUILDER,974.10,,445121.45,PAYROLL,PAYNET-PAY-20260626-EMP-BEN-BUILDER
099999123453,26/06/2026,PAYROLL NET WAGE Amara Engineer PAY-20260626-EMP-AMARA-ENGINEER,1353.77,,443767.68,PAYROLL,PAYNET-PAY-20260626-EMP-AMARA-ENGINEER
099999123453,26/06/2026,PAYG WITHHOLDING REMITTANCE ATO Nina Sales Representative PAY-20260626-EMP-NINA-SALES,165.00,,443602.68,PAYROLL_TAX,PAYG-PAY-20260626-EMP-NINA-SALES
099999123453,26/06/2026,PAYG WITHHOLDING REMITTANCE ATO Grace High Income QA PAY-20260626-EMP-GRACE-HIG,991.00,,442611.68,PAYROLL_TAX,PAYG-PAY-20260626-EMP-GRACE-HIG
099999123453,26/06/2026,PAYG WITHHOLDING REMITTANCE ATO Ben Builder PAY-20260626-EMP-BEN-BUILDER,198.00,,442413.68,PAYROLL_TAX,PAYG-PAY-20260626-EMP-BEN-BUILDER
099999123453,26/06/2026,PAYG WITHHOLDING REMITTANCE ATO Amara Engineer PAY-20260626-EMP-AMARA-ENGINEER,377.00,,442036.68,PAYROLL_TAX,PAYG-PAY-20260626-EMP-AMARA-ENGINEER
099999123453,25/06/2026,WITHDRAWAL-OSKO PAYMENT Liam Surveying Contractors Pty Ltd CONTRACT-202606,3520.00,,450365.34,PAYMENT,BTP-000047
099999123453,22/06/2026,WITHDRAWAL-OSKO PAYMENT Cloud Software Vendors SOFT-202606,1595.00,,453885.34,PAYMENT,BTP-000046
099999123453,19/06/2026,SUPER CLEARING HOUSE Nina Sales Representative PAY-20260619-EMP-NINA-SALES,128.63,,463680.37,SUPER,SUPER-PAY-20260619-EMP-NINA-SALES
099999123453,19/06/2026,SUPER CLEARING HOUSE Grace High Income QA PAY-20260619-EMP-GRACE-HIG,415.38,,463264.99,SUPER,SUPER-PAY-20260619-EMP-GRACE-HIG
099999123453,19/06/2026,SUPER CLEARING HOUSE Ben Builder PAY-20260619-EMP-BEN-BUILDER,140.65,,463124.34,SUPER,SUPER-PAY-20260619-EMP-BEN-BUILDER
099999123453,19/06/2026,SUPER CLEARING HOUSE Amara Engineer PAY-20260619-EMP-AMARA-ENGINEER,207.69,,462916.65,SUPER,SUPER-PAY-20260619-EMP-AMARA-ENGINEER
099999123453,19/06/2026,PAYROLL NET WAGE Nina Sales Representative PAY-20260619-EMP-NINA-SALES,906.90,,462009.75,PAYROLL,PAYNET-PAY-20260619-EMP-NINA-SALES
099999123453,19/06/2026,PAYROLL NET WAGE Grace High Income QA PAY-20260619-EMP-GRACE-HIG,2470.54,,459539.21,PAYROLL,PAYNET-PAY-20260619-EMP-GRACE-HIG
099999123453,19/06/2026,PAYROLL NET WAGE Ben Builder PAY-20260619-EMP-BEN-BUILDER,974.10,,458565.11,PAYROLL,PAYNET-PAY-20260619-EMP-BEN-BUILDER
099999123453,19/06/2026,PAYROLL NET WAGE Amara Engineer PAY-20260619-EMP-AMARA-ENGINEER,1353.77,,457211.34,PAYROLL,PAYNET-PAY-20260619-EMP-AMARA-ENGINEER
099999123453,19/06/2026,PAYG WITHHOLDING REMITTANCE ATO Nina Sales Representative PAY-20260619-EMP-NINA-SALES,165.00,,457046.34,PAYROLL_TAX,PAYG-PAY-20260619-EMP-NINA-SALES
099999123453,19/06/2026,PAYG WITHHOLDING REMITTANCE ATO Grace High Income QA PAY-20260619-EMP-GRACE-HIG,991.00,,456055.34,PAYROLL_TAX,PAYG-PAY-20260619-EMP-GRACE-HIG
099999123453,19/06/2026,PAYG WITHHOLDING REMITTANCE ATO Ben Builder PAY-20260619-EMP-BEN-BUILDER,198.00,,455857.34,PAYROLL_TAX,PAYG-PAY-20260619-EMP-BEN-BUILDER
099999123453,19/06/2026,PAYG WITHHOLDING REMITTANCE ATO Amara Engineer PAY-20260619-EMP-AMARA-ENGINEER,377.00,,455480.34,PAYROLL_TAX,PAYG-PAY-20260619-EMP-AMARA-ENGINEER
099999123453,18/06/2026,DEPOSIT OSKO PAYMENT Project Client A INV-012,,86900.00,463809.00,DEP,BTR-000012
099999123453,16/06/2026,WITHDRAWAL-OSKO PAYMENT Harbour Property Trust RENT-202606,10120.00,,376909.00,PAYMENT,BTP-000045
099999123453,12/06/2026,SUPER CLEARING HOUSE Nina Sales Representative PAY-20260612-EMP-NINA-SALES,128.63,,395248.03,SUPER,SUPER-PAY-20260612-EMP-NINA-SALES
099999123453,12/06/2026,SUPER CLEARING HOUSE Grace High Income QA PAY-20260612-EMP-GRACE-HIG,415.38,,394832.65,SUPER,SUPER-PAY-20260612-EMP-GRACE-HIG
099999123453,12/06/2026,SUPER CLEARING HOUSE Ben Builder PAY-20260612-EMP-BEN-BUILDER,140.65,,394692.00,SUPER,SUPER-PAY-20260612-EMP-BEN-BUILDER
099999123453,12/06/2026,SUPER CLEARING HOUSE Amara Engineer PAY-20260612-EMP-AMARA-ENGINEER,207.69,,394484.31,SUPER,SUPER-PAY-20260612-EMP-AMARA-ENGINEER
099999123453,12/06/2026,PAYROLL NET WAGE Nina Sales Representative PAY-20260612-EMP-NINA-SALES,906.90,,393577.41,PAYROLL,PAYNET-PAY-20260612-EMP-NINA-SALES
099999123453,12/06/2026,PAYROLL NET WAGE Grace High Income QA PAY-20260612-EMP-GRACE-HIG,2470.54,,391106.87,PAYROLL,PAYNET-PAY-20260612-EMP-GRACE-HIG
099999123453,12/06/2026,PAYROLL NET WAGE Ben Builder PAY-20260612-EMP-BEN-BUILDER,987.10,,390119.77,PAYROLL,PAYNET-PAY-20260612-EMP-BEN-BUILDER
099999123453,12/06/2026,PAYROLL NET WAGE Amara Engineer PAY-20260612-EMP-AMARA-ENGINEER,1353.77,,388766.00,PAYROLL,PAYNET-PAY-20260612-EMP-AMARA-ENGINEER
099999123453,12/06/2026,PAYG WITHHOLDING REMITTANCE ATO Nina Sales Representative PAY-20260612-EMP-NINA-SALES,165.00,,388601.00,PAYROLL_TAX,PAYG-PAY-20260612-EMP-NINA-SALES
099999123453,12/06/2026,PAYG WITHHOLDING REMITTANCE ATO Grace High Income QA PAY-20260612-EMP-GRACE-HIG,991.00,,387610.00,PAYROLL_TAX,PAYG-PAY-20260612-EMP-GRACE-HIG
099999123453,12/06/2026,PAYG WITHHOLDING REMITTANCE ATO Ben Builder PAY-20260612-EMP-BEN-BUILDER,204.00,,387406.00,PAYROLL_TAX,PAYG-PAY-20260612-EMP-BEN-BUILDER
099999123453,12/06/2026,PAYG WITHHOLDING REMITTANCE ATO Amara Engineer PAY-20260612-EMP-AMARA-ENGINEER,377.00,,387029.00,PAYROLL_TAX,PAYG-PAY-20260612-EMP-AMARA-ENGINEER
099999123453,05/06/2026,SUPER CLEARING HOUSE Nina Sales Representative PAY-20260605-EMP-NINA-SALES,272.63,,404776.69,SUPER,SUPER-PAY-20260605-EMP-NINA-SALES
099999123453,05/06/2026,SUPER CLEARING HOUSE Grace High Income QA PAY-20260605-EMP-GRACE-HIG,415.38,,404361.31,SUPER,SUPER-PAY-20260605-EMP-GRACE-HIG
099999123453,05/06/2026,SUPER CLEARING HOUSE Ben Builder PAY-20260605-EMP-BEN-BUILDER,140.65,,404220.66,SUPER,SUPER-PAY-20260605-EMP-BEN-BUILDER
099999123453,05/06/2026,SUPER CLEARING HOUSE Amara Engineer PAY-20260605-EMP-AMARA-ENGINEER,207.69,,404012.97,SUPER,SUPER-PAY-20260605-EMP-AMARA-ENGINEER
099999123453,05/06/2026,PAYROLL NET WAGE Nina Sales Representative PAY-20260605-EMP-NINA-SALES,1721.90,,402291.07,PAYROLL,PAYNET-PAY-20260605-EMP-NINA-SALES
099999123453,05/06/2026,PAYROLL NET WAGE Grace High Income QA PAY-20260605-EMP-GRACE-HIG,2470.54,,399820.53,PAYROLL,PAYNET-PAY-20260605-EMP-GRACE-HIG
099999123453,05/06/2026,PAYROLL NET WAGE Ben Builder PAY-20260605-EMP-BEN-BUILDER,974.10,,398846.43,PAYROLL,PAYNET-PAY-20260605-EMP-BEN-BUILDER
099999123453,05/06/2026,PAYROLL NET WAGE Amara Engineer PAY-20260605-EMP-AMARA-ENGINEER,1353.77,,397492.66,PAYROLL,PAYNET-PAY-20260605-EMP-AMARA-ENGINEER
099999123453,05/06/2026,PAYG WITHHOLDING REMITTANCE ATO Nina Sales Representative PAY-20260605-EMP-NINA-SALES,550.00,,396942.66,PAYROLL_TAX,PAYG-PAY-20260605-EMP-NINA-SALES
099999123453,05/06/2026,PAYG WITHHOLDING REMITTANCE ATO Grace High Income QA PAY-20260605-EMP-GRACE-HIG,991.00,,395951.66,PAYROLL_TAX,PAYG-PAY-20260605-EMP-GRACE-HIG
099999123453,05/06/2026,PAYG WITHHOLDING REMITTANCE ATO Ben Builder PAY-20260605-EMP-BEN-BUILDER,198.00,,395753.66,PAYROLL_TAX,PAYG-PAY-20260605-EMP-BEN-BUILDER
099999123453,05/06/2026,PAYG WITHHOLDING REMITTANCE ATO Amara Engineer PAY-20260605-EMP-AMARA-ENGINEER,377.00,,395376.66,PAYROLL_TAX,PAYG-PAY-20260605-EMP-AMARA-ENGINEER
099999123453,03/06/2026,WITHDRAWAL-OSKO PAYMENT Bank BANKFEE-202605,35.00,,405049.32,PAYMENT,BTP-000044
099999123453,29/05/2026,SUPER CLEARING HOUSE Nina Sales Representative PAY-20260529-EMP-NINA-SALES,128.63,,413284.35,SUPER,SUPER-PAY-20260529-EMP-NINA-SALES
099999123453,29/05/2026,SUPER CLEARING HOUSE Grace High Income QA PAY-20260529-EMP-GRACE-HIG,415.38,,412868.97,SUPER,SUPER-PAY-20260529-EMP-GRACE-HIG
099999123453,29/05/2026,SUPER CLEARING HOUSE Ben Builder PAY-20260529-EMP-BEN-BUILDER,140.65,,412728.32,SUPER,SUPER-PAY-20260529-EMP-BEN-BUILDER
099999123453,29/05/2026,SUPER CLEARING HOUSE Amara Engineer PAY-20260529-EMP-AMARA-ENGINEER,207.69,,412520.63,SUPER,SUPER-PAY-20260529-EMP-AMARA-ENGINEER
099999123453,29/05/2026,PAYROLL NET WAGE Nina Sales Representative PAY-20260529-EMP-NINA-SALES,906.90,,411613.73,PAYROLL,PAYNET-PAY-20260529-EMP-NINA-SALES
099999123453,29/05/2026,PAYROLL NET WAGE Grace High Income QA PAY-20260529-EMP-GRACE-HIG,2470.54,,409143.19,PAYROLL,PAYNET-PAY-20260529-EMP-GRACE-HIG
099999123453,29/05/2026,PAYROLL NET WAGE Ben Builder PAY-20260529-EMP-BEN-BUILDER,974.10,,408169.09,PAYROLL,PAYNET-PAY-20260529-EMP-BEN-BUILDER
099999123453,29/05/2026,PAYROLL NET WAGE Amara Engineer PAY-20260529-EMP-AMARA-ENGINEER,1353.77,,406815.32,PAYROLL,PAYNET-PAY-20260529-EMP-AMARA-ENGINEER
099999123453,29/05/2026,PAYG WITHHOLDING REMITTANCE ATO Nina Sales Representative PAY-20260529-EMP-NINA-SALES,165.00,,406650.32,PAYROLL_TAX,PAYG-PAY-20260529-EMP-NINA-SALES
099999123453,29/05/2026,PAYG WITHHOLDING REMITTANCE ATO Grace High Income QA PAY-20260529-EMP-GRACE-HIG,991.00,,405659.32,PAYROLL_TAX,PAYG-PAY-20260529-EMP-GRACE-HIG
099999123453,29/05/2026,PAYG WITHHOLDING REMITTANCE ATO Ben Builder PAY-20260529-EMP-BEN-BUILDER,198.00,,405461.32,PAYROLL_TAX,PAYG-PAY-20260529-EMP-BEN-BUILDER
099999123453,29/05/2026,PAYG WITHHOLDING REMITTANCE ATO Amara Engineer PAY-20260529-EMP-AMARA-ENGINEER,377.00,,405084.32,PAYROLL_TAX,PAYG-PAY-20260529-EMP-AMARA-ENGINEER
099999123453,25/05/2026,WITHDRAWAL-OSKO PAYMENT Liam Surveying Contractors Pty Ltd CONTRACT-202605,3520.00,,413412.98,PAYMENT,BTP-000043
099999123453,22/05/2026,SUPER CLEARING HOUSE Nina Sales Representative PAY-20260522-EMP-NINA-SALES,128.63,,426728.01,SUPER,SUPER-PAY-20260522-EMP-NINA-SALES
099999123453,22/05/2026,SUPER CLEARING HOUSE Grace High Income QA PAY-20260522-EMP-GRACE-HIG,415.38,,426312.63,SUPER,SUPER-PAY-20260522-EMP-GRACE-HIG
099999123453,22/05/2026,SUPER CLEARING HOUSE Ben Builder PAY-20260522-EMP-BEN-BUILDER,140.65,,426171.98,SUPER,SUPER-PAY-20260522-EMP-BEN-BUILDER
099999123453,22/05/2026,SUPER CLEARING HOUSE Amara Engineer PAY-20260522-EMP-AMARA-ENGINEER,207.69,,425964.29,SUPER,SUPER-PAY-20260522-EMP-AMARA-ENGINEER
099999123453,22/05/2026,PAYROLL NET WAGE Nina Sales Representative PAY-20260522-EMP-NINA-SALES,906.90,,425057.39,PAYROLL,PAYNET-PAY-20260522-EMP-NINA-SALES
099999123453,22/05/2026,PAYROLL NET WAGE Grace High Income QA PAY-20260522-EMP-GRACE-HIG,2470.54,,422586.85,PAYROLL,PAYNET-PAY-20260522-EMP-GRACE-HIG
099999123453,22/05/2026,PAYROLL NET WAGE Ben Builder PAY-20260522-EMP-BEN-BUILDER,974.10,,421612.75,PAYROLL,PAYNET-PAY-20260522-EMP-BEN-BUILDER
099999123453,22/05/2026,PAYROLL NET WAGE Amara Engineer PAY-20260522-EMP-AMARA-ENGINEER,1353.77,,420258.98,PAYROLL,PAYNET-PAY-20260522-EMP-AMARA-ENGINEER
099999123453,22/05/2026,PAYG WITHHOLDING REMITTANCE ATO Nina Sales Representative PAY-20260522-EMP-NINA-SALES,165.00,,420093.98,PAYROLL_TAX,PAYG-PAY-20260522-EMP-NINA-SALES
099999123453,22/05/2026,PAYG WITHHOLDING REMITTANCE ATO Grace High Income QA PAY-20260522-EMP-GRACE-HIG,991.00,,419102.98,PAYROLL_TAX,PAYG-PAY-20260522-EMP-GRACE-HIG
099999123453,22/05/2026,PAYG WITHHOLDING REMITTANCE ATO Ben Builder PAY-20260522-EMP-BEN-BUILDER,198.00,,418904.98,PAYROLL_TAX,PAYG-PAY-20260522-EMP-BEN-BUILDER
099999123453,22/05/2026,PAYG WITHHOLDING REMITTANCE ATO Amara Engineer PAY-20260522-EMP-AMARA-ENGINEER,377.00,,418527.98,PAYROLL_TAX,PAYG-PAY-20260522-EMP-AMARA-ENGINEER
099999123453,22/05/2026,WITHDRAWAL-OSKO PAYMENT Cloud Software Vendors SOFT-202605,1595.00,,416932.98,PAYMENT,BTP-000042
099999123453,18/05/2026,DEPOSIT OSKO PAYMENT Project Client C INV-011,,86625.00,426856.64,DEP,BTR-000011
099999123453,16/05/2026,WITHDRAWAL-OSKO PAYMENT Harbour Property Trust RENT-202605,10120.00,,340231.64,PAYMENT,BTP-000041
099999123453,15/05/2026,SUPER CLEARING HOUSE Nina Sales Representative PAY-20260515-EMP-NINA-SALES,128.63,,358551.67,SUPER,SUPER-PAY-20260515-EMP-NINA-SALES
099999123453,15/05/2026,SUPER CLEARING HOUSE Grace High Income QA PAY-20260515-EMP-GRACE-HIG,415.38,,358136.29,SUPER,SUPER-PAY-20260515-EMP-GRACE-HIG
099999123453,15/05/2026,SUPER CLEARING HOUSE Ben Builder PAY-20260515-EMP-BEN-BUILDER,140.65,,357995.64,SUPER,SUPER-PAY-20260515-EMP-BEN-BUILDER
099999123453,15/05/2026,SUPER CLEARING HOUSE Amara Engineer PAY-20260515-EMP-AMARA-ENGINEER,207.69,,357787.95,SUPER,SUPER-PAY-20260515-EMP-AMARA-ENGINEER
099999123453,15/05/2026,PAYROLL NET WAGE Nina Sales Representative PAY-20260515-EMP-NINA-SALES,906.90,,356881.05,PAYROLL,PAYNET-PAY-20260515-EMP-NINA-SALES
099999123453,15/05/2026,PAYROLL NET WAGE Grace High Income QA PAY-20260515-EMP-GRACE-HIG,2470.54,,354410.51,PAYROLL,PAYNET-PAY-20260515-EMP-GRACE-HIG
099999123453,15/05/2026,PAYROLL NET WAGE Ben Builder PAY-20260515-EMP-BEN-BUILDER,974.10,,353436.41,PAYROLL,PAYNET-PAY-20260515-EMP-BEN-BUILDER
099999123453,15/05/2026,PAYROLL NET WAGE Amara Engineer PAY-20260515-EMP-AMARA-ENGINEER,1353.77,,352082.64,PAYROLL,PAYNET-PAY-20260515-EMP-AMARA-ENGINEER
099999123453,15/05/2026,PAYG WITHHOLDING REMITTANCE ATO Nina Sales Representative PAY-20260515-EMP-NINA-SALES,165.00,,351917.64,PAYROLL_TAX,PAYG-PAY-20260515-EMP-NINA-SALES
099999123453,15/05/2026,PAYG WITHHOLDING REMITTANCE ATO Grace High Income QA PAY-20260515-EMP-GRACE-HIG,991.00,,350926.64,PAYROLL_TAX,PAYG-PAY-20260515-EMP-GRACE-HIG
099999123453,15/05/2026,PAYG WITHHOLDING REMITTANCE ATO Ben Builder PAY-20260515-EMP-BEN-BUILDER,198.00,,350728.64,PAYROLL_TAX,PAYG-PAY-20260515-EMP-BEN-BUILDER
099999123453,15/05/2026,PAYG WITHHOLDING REMITTANCE ATO Amara Engineer PAY-20260515-EMP-AMARA-ENGINEER,377.00,,350351.64,PAYROLL_TAX,PAYG-PAY-20260515-EMP-AMARA-ENGINEER
099999123453,08/05/2026,SUPER CLEARING HOUSE Nina Sales Representative PAY-20260508-EMP-NINA-SALES,128.63,,366899.33,SUPER,SUPER-PAY-20260508-EMP-NINA-SALES
099999123453,08/05/2026,SUPER CLEARING HOUSE Grace High Income QA PAY-20260508-EMP-GRACE-HIG,415.38,,366483.95,SUPER,SUPER-PAY-20260508-EMP-GRACE-HIG
099999123453,08/05/2026,SUPER CLEARING HOUSE Ben Builder PAY-20260508-EMP-BEN-BUILDER,140.65,,366343.30,SUPER,SUPER-PAY-20260508-EMP-BEN-BUILDER
099999123453,08/05/2026,SUPER CLEARING HOUSE Amara Engineer PAY-20260508-EMP-AMARA-ENGINEER,207.69,,366135.61,SUPER,SUPER-PAY-20260508-EMP-AMARA-ENGINEER
099999123453,08/05/2026,PAYROLL NET WAGE Nina Sales Representative PAY-20260508-EMP-NINA-SALES,906.90,,365228.71,PAYROLL,PAYNET-PAY-20260508-EMP-NINA-SALES
099999123453,08/05/2026,PAYROLL NET WAGE Grace High Income QA PAY-20260508-EMP-GRACE-HIG,2470.54,,362758.17,PAYROLL,PAYNET-PAY-20260508-EMP-GRACE-HIG
099999123453,08/05/2026,PAYROLL NET WAGE Ben Builder PAY-20260508-EMP-BEN-BUILDER,987.10,,361771.07,PAYROLL,PAYNET-PAY-20260508-EMP-BEN-BUILDER
099999123453,08/05/2026,PAYROLL NET WAGE Amara Engineer PAY-20260508-EMP-AMARA-ENGINEER,1353.77,,360417.30,PAYROLL,PAYNET-PAY-20260508-EMP-AMARA-ENGINEER
099999123453,08/05/2026,PAYG WITHHOLDING REMITTANCE ATO Nina Sales Representative PAY-20260508-EMP-NINA-SALES,165.00,,360252.30,PAYROLL_TAX,PAYG-PAY-20260508-EMP-NINA-SALES
099999123453,08/05/2026,PAYG WITHHOLDING REMITTANCE ATO Grace High Income QA PAY-20260508-EMP-GRACE-HIG,991.00,,359261.30,PAYROLL_TAX,PAYG-PAY-20260508-EMP-GRACE-HIG
099999123453,08/05/2026,PAYG WITHHOLDING REMITTANCE ATO Ben Builder PAY-20260508-EMP-BEN-BUILDER,204.00,,359057.30,PAYROLL_TAX,PAYG-PAY-20260508-EMP-BEN-BUILDER
099999123453,08/05/2026,PAYG WITHHOLDING REMITTANCE ATO Amara Engineer PAY-20260508-EMP-AMARA-ENGINEER,377.00,,358680.30,PAYROLL_TAX,PAYG-PAY-20260508-EMP-AMARA-ENGINEER
099999123453,04/05/2026,WITHDRAWAL-OSKO PAYMENT Bank BANKFEE-202604,35.00,,367027.96,PAYMENT,BTP-000040
099999123453,01/05/2026,SUPER CLEARING HOUSE Nina Sales Representative PAY-20260501-EMP-NINA-SALES,272.63,,376462.99,SUPER,SUPER-PAY-20260501-EMP-NINA-SALES
099999123453,01/05/2026,SUPER CLEARING HOUSE Grace High Income QA PAY-20260501-EMP-GRACE-HIG,415.38,,376047.61,SUPER,SUPER-PAY-20260501-EMP-GRACE-HIG
099999123453,01/05/2026,SUPER CLEARING HOUSE Ben Builder PAY-20260501-EMP-BEN-BUILDER,140.65,,375906.96,SUPER,SUPER-PAY-20260501-EMP-BEN-BUILDER
099999123453,01/05/2026,SUPER CLEARING HOUSE Amara Engineer PAY-20260501-EMP-AMARA-ENGINEER,207.69,,375699.27,SUPER,SUPER-PAY-20260501-EMP-AMARA-ENGINEER
099999123453,01/05/2026,PAYROLL NET WAGE Nina Sales Representative PAY-20260501-EMP-NINA-SALES,1721.90,,373977.37,PAYROLL,PAYNET-PAY-20260501-EMP-NINA-SALES
099999123453,01/05/2026,PAYROLL NET WAGE Grace High Income QA PAY-20260501-EMP-GRACE-HIG,2470.54,,371506.83,PAYROLL,PAYNET-PAY-20260501-EMP-GRACE-HIG
099999123453,01/05/2026,PAYROLL NET WAGE Ben Builder PAY-20260501-EMP-BEN-BUILDER,974.10,,370532.73,PAYROLL,PAYNET-PAY-20260501-EMP-BEN-BUILDER
099999123453,01/05/2026,PAYROLL NET WAGE Amara Engineer PAY-20260501-EMP-AMARA-ENGINEER,1353.77,,369178.96,PAYROLL,PAYNET-PAY-20260501-EMP-AMARA-ENGINEER
099999123453,01/05/2026,PAYG WITHHOLDING REMITTANCE ATO Nina Sales Representative PAY-20260501-EMP-NINA-SALES,550.00,,368628.96,PAYROLL_TAX,PAYG-PAY-20260501-EMP-NINA-SALES
099999123453,01/05/2026,PAYG WITHHOLDING REMITTANCE ATO Grace High Income QA PAY-20260501-EMP-GRACE-HIG,991.00,,367637.96,PAYROLL_TAX,PAYG-PAY-20260501-EMP-GRACE-HIG
099999123453,01/05/2026,PAYG WITHHOLDING REMITTANCE ATO Ben Builder PAY-20260501-EMP-BEN-BUILDER,198.00,,367439.96,PAYROLL_TAX,PAYG-PAY-20260501-EMP-BEN-BUILDER
099999123453,01/05/2026,PAYG WITHHOLDING REMITTANCE ATO Amara Engineer PAY-20260501-EMP-AMARA-ENGINEER,377.00,,367062.96,PAYROLL_TAX,PAYG-PAY-20260501-EMP-AMARA-ENGINEER
099999123453,25/04/2026,WITHDRAWAL-OSKO PAYMENT Liam Surveying Contractors Pty Ltd CONTRACT-202604,3520.00,,376735.62,PAYMENT,BTP-000039
099999123453,24/04/2026,SUPER CLEARING HOUSE Nina Sales Representative PAY-20260424-EMP-NINA-SALES,128.63,,388455.65,SUPER,SUPER-PAY-20260424-EMP-NINA-SALES
099999123453,24/04/2026,SUPER CLEARING HOUSE Grace High Income QA PAY-20260424-EMP-GRACE-HIG,415.38,,388040.27,SUPER,SUPER-PAY-20260424-EMP-GRACE-HIG
099999123453,24/04/2026,SUPER CLEARING HOUSE Ben Builder PAY-20260424-EMP-BEN-BUILDER,140.65,,387899.62,SUPER,SUPER-PAY-20260424-EMP-BEN-BUILDER
099999123453,24/04/2026,SUPER CLEARING HOUSE Amara Engineer PAY-20260424-EMP-AMARA-ENGINEER,207.69,,387691.93,SUPER,SUPER-PAY-20260424-EMP-AMARA-ENGINEER
099999123453,24/04/2026,PAYROLL NET WAGE Nina Sales Representative PAY-20260424-EMP-NINA-SALES,906.90,,386785.03,PAYROLL,PAYNET-PAY-20260424-EMP-NINA-SALES
099999123453,24/04/2026,PAYROLL NET WAGE Grace High Income QA PAY-20260424-EMP-GRACE-HIG,2470.54,,384314.49,PAYROLL,PAYNET-PAY-20260424-EMP-GRACE-HIG
099999123453,24/04/2026,PAYROLL NET WAGE Ben Builder PAY-20260424-EMP-BEN-BUILDER,974.10,,383340.39,PAYROLL,PAYNET-PAY-20260424-EMP-BEN-BUILDER
099999123453,24/04/2026,PAYROLL NET WAGE Amara Engineer PAY-20260424-EMP-AMARA-ENGINEER,1353.77,,381986.62,PAYROLL,PAYNET-PAY-20260424-EMP-AMARA-ENGINEER
099999123453,24/04/2026,PAYG WITHHOLDING REMITTANCE ATO Nina Sales Representative PAY-20260424-EMP-NINA-SALES,165.00,,381821.62,PAYROLL_TAX,PAYG-PAY-20260424-EMP-NINA-SALES
099999123453,24/04/2026,PAYG WITHHOLDING REMITTANCE ATO Grace High Income QA PAY-20260424-EMP-GRACE-HIG,991.00,,380830.62,PAYROLL_TAX,PAYG-PAY-20260424-EMP-GRACE-HIG
099999123453,24/04/2026,PAYG WITHHOLDING REMITTANCE ATO Ben Builder PAY-20260424-EMP-BEN-BUILDER,198.00,,380632.62,PAYROLL_TAX,PAYG-PAY-20260424-EMP-BEN-BUILDER
099999123453,24/04/2026,PAYG WITHHOLDING REMITTANCE ATO Amara Engineer PAY-20260424-EMP-AMARA-ENGINEER,377.00,,380255.62,PAYROLL_TAX,PAYG-PAY-20260424-EMP-AMARA-ENGINEER
099999123453,22/04/2026,WITHDRAWAL-OSKO PAYMENT Cloud Software Vendors SOFT-202604,1595.00,,388584.28,PAYMENT,BTP-000038
099999123453,18/04/2026,DEPOSIT OSKO PAYMENT Project Client B INV-010,,86350.00,390179.28,DEP,BTR-000010
099999123453,17/04/2026,SUPER CLEARING HOUSE Nina Sales Representative PAY-20260417-EMP-NINA-SALES,128.63,,312029.31,SUPER,SUPER-PAY-20260417-EMP-NINA-SALES
099999123453,17/04/2026,SUPER CLEARING HOUSE Grace High Income QA PAY-20260417-EMP-GRACE-HIG,415.38,,311613.93,SUPER,SUPER-PAY-20260417-EMP-GRACE-HIG
099999123453,17/04/2026,SUPER CLEARING HOUSE Ben Builder PAY-20260417-EMP-BEN-BUILDER,140.65,,311473.28,SUPER,SUPER-PAY-20260417-EMP-BEN-BUILDER
099999123453,17/04/2026,SUPER CLEARING HOUSE Amara Engineer PAY-20260417-EMP-AMARA-ENGINEER,207.69,,311265.59,SUPER,SUPER-PAY-20260417-EMP-AMARA-ENGINEER
099999123453,17/04/2026,PAYROLL NET WAGE Nina Sales Representative PAY-20260417-EMP-NINA-SALES,906.90,,310358.69,PAYROLL,PAYNET-PAY-20260417-EMP-NINA-SALES
099999123453,17/04/2026,PAYROLL NET WAGE Grace High Income QA PAY-20260417-EMP-GRACE-HIG,2470.54,,307888.15,PAYROLL,PAYNET-PAY-20260417-EMP-GRACE-HIG
099999123453,17/04/2026,PAYROLL NET WAGE Ben Builder PAY-20260417-EMP-BEN-BUILDER,974.10,,306914.05,PAYROLL,PAYNET-PAY-20260417-EMP-BEN-BUILDER
099999123453,17/04/2026,PAYROLL NET WAGE Amara Engineer PAY-20260417-EMP-AMARA-ENGINEER,1353.77,,305560.28,PAYROLL,PAYNET-PAY-20260417-EMP-AMARA-ENGINEER
099999123453,17/04/2026,PAYG WITHHOLDING REMITTANCE ATO Nina Sales Representative PAY-20260417-EMP-NINA-SALES,165.00,,305395.28,PAYROLL_TAX,PAYG-PAY-20260417-EMP-NINA-SALES
099999123453,17/04/2026,PAYG WITHHOLDING REMITTANCE ATO Grace High Income QA PAY-20260417-EMP-GRACE-HIG,991.00,,304404.28,PAYROLL_TAX,PAYG-PAY-20260417-EMP-GRACE-HIG
099999123453,17/04/2026,PAYG WITHHOLDING REMITTANCE ATO Ben Builder PAY-20260417-EMP-BEN-BUILDER,198.00,,304206.28,PAYROLL_TAX,PAYG-PAY-20260417-EMP-BEN-BUILDER
099999123453,17/04/2026,PAYG WITHHOLDING REMITTANCE ATO Amara Engineer PAY-20260417-EMP-AMARA-ENGINEER,377.00,,303829.28,PAYROLL_TAX,PAYG-PAY-20260417-EMP-AMARA-ENGINEER
099999123453,16/04/2026,WITHDRAWAL-OSKO PAYMENT Harbour Property Trust RENT-202604,10120.00,,312157.94,PAYMENT,BTP-000037
099999123453,10/04/2026,SUPER CLEARING HOUSE Nina Sales Representative PAY-20260410-EMP-NINA-SALES,128.63,,330477.97,SUPER,SUPER-PAY-20260410-EMP-NINA-SALES
099999123453,10/04/2026,SUPER CLEARING HOUSE Grace High Income QA PAY-20260410-EMP-GRACE-HIG,415.38,,330062.59,SUPER,SUPER-PAY-20260410-EMP-GRACE-HIG
099999123453,10/04/2026,SUPER CLEARING HOUSE Ben Builder PAY-20260410-EMP-BEN-BUILDER,140.65,,329921.94,SUPER,SUPER-PAY-20260410-EMP-BEN-BUILDER
099999123453,10/04/2026,SUPER CLEARING HOUSE Amara Engineer PAY-20260410-EMP-AMARA-ENGINEER,207.69,,329714.25,SUPER,SUPER-PAY-20260410-EMP-AMARA-ENGINEER
099999123453,10/04/2026,PAYROLL NET WAGE Nina Sales Representative PAY-20260410-EMP-NINA-SALES,906.90,,328807.35,PAYROLL,PAYNET-PAY-20260410-EMP-NINA-SALES
099999123453,10/04/2026,PAYROLL NET WAGE Grace High Income QA PAY-20260410-EMP-GRACE-HIG,2470.54,,326336.81,PAYROLL,PAYNET-PAY-20260410-EMP-GRACE-HIG
099999123453,10/04/2026,PAYROLL NET WAGE Ben Builder PAY-20260410-EMP-BEN-BUILDER,974.10,,325362.71,PAYROLL,PAYNET-PAY-20260410-EMP-BEN-BUILDER
099999123453,10/04/2026,PAYROLL NET WAGE Amara Engineer PAY-20260410-EMP-AMARA-ENGINEER,1353.77,,324008.94,PAYROLL,PAYNET-PAY-20260410-EMP-AMARA-ENGINEER
099999123453,10/04/2026,PAYG WITHHOLDING REMITTANCE ATO Nina Sales Representative PAY-20260410-EMP-NINA-SALES,165.00,,323843.94,PAYROLL_TAX,PAYG-PAY-20260410-EMP-NINA-SALES
099999123453,10/04/2026,PAYG WITHHOLDING REMITTANCE ATO Grace High Income QA PAY-20260410-EMP-GRACE-HIG,991.00,,322852.94,PAYROLL_TAX,PAYG-PAY-20260410-EMP-GRACE-HIG
099999123453,10/04/2026,PAYG WITHHOLDING REMITTANCE ATO Ben Builder PAY-20260410-EMP-BEN-BUILDER,198.00,,322654.94,PAYROLL_TAX,PAYG-PAY-20260410-EMP-BEN-BUILDER
099999123453,10/04/2026,PAYG WITHHOLDING REMITTANCE ATO Amara Engineer PAY-20260410-EMP-AMARA-ENGINEER,377.00,,322277.94,PAYROLL_TAX,PAYG-PAY-20260410-EMP-AMARA-ENGINEER
099999123453,03/04/2026,SUPER CLEARING HOUSE Nina Sales Representative PAY-20260403-EMP-NINA-SALES,272.63,,340060.63,SUPER,SUPER-PAY-20260403-EMP-NINA-SALES
099999123453,03/04/2026,SUPER CLEARING HOUSE Grace High Income QA PAY-20260403-EMP-GRACE-HIG,415.38,,339645.25,SUPER,SUPER-PAY-20260403-EMP-GRACE-HIG
099999123453,03/04/2026,SUPER CLEARING HOUSE Ben Builder PAY-20260403-EMP-BEN-BUILDER,140.65,,339504.60,SUPER,SUPER-PAY-20260403-EMP-BEN-BUILDER
099999123453,03/04/2026,SUPER CLEARING HOUSE Amara Engineer PAY-20260403-EMP-AMARA-ENGINEER,207.69,,339296.91,SUPER,SUPER-PAY-20260403-EMP-AMARA-ENGINEER
099999123453,03/04/2026,PAYROLL NET WAGE Nina Sales Representative PAY-20260403-EMP-NINA-SALES,1721.90,,337575.01,PAYROLL,PAYNET-PAY-20260403-EMP-NINA-SALES
099999123453,03/04/2026,PAYROLL NET WAGE Grace High Income QA PAY-20260403-EMP-GRACE-HIG,2470.54,,335104.47,PAYROLL,PAYNET-PAY-20260403-EMP-GRACE-HIG
099999123453,03/04/2026,PAYROLL NET WAGE Ben Builder PAY-20260403-EMP-BEN-BUILDER,987.10,,334117.37,PAYROLL,PAYNET-PAY-20260403-EMP-BEN-BUILDER
099999123453,03/04/2026,PAYROLL NET WAGE Amara Engineer PAY-20260403-EMP-AMARA-ENGINEER,1353.77,,332763.60,PAYROLL,PAYNET-PAY-20260403-EMP-AMARA-ENGINEER
099999123453,03/04/2026,PAYG WITHHOLDING REMITTANCE ATO Nina Sales Representative PAY-20260403-EMP-NINA-SALES,550.00,,332213.60,PAYROLL_TAX,PAYG-PAY-20260403-EMP-NINA-SALES
099999123453,03/04/2026,PAYG WITHHOLDING REMITTANCE ATO Grace High Income QA PAY-20260403-EMP-GRACE-HIG,991.00,,331222.60,PAYROLL_TAX,PAYG-PAY-20260403-EMP-GRACE-HIG
099999123453,03/04/2026,PAYG WITHHOLDING REMITTANCE ATO Ben Builder PAY-20260403-EMP-BEN-BUILDER,204.00,,331018.60,PAYROLL_TAX,PAYG-PAY-20260403-EMP-BEN-BUILDER
099999123453,03/04/2026,PAYG WITHHOLDING REMITTANCE ATO Amara Engineer PAY-20260403-EMP-AMARA-ENGINEER,377.00,,330641.60,PAYROLL_TAX,PAYG-PAY-20260403-EMP-AMARA-ENGINEER
099999123453,03/04/2026,WITHDRAWAL-OSKO PAYMENT Bank BANKFEE-202603,35.00,,330606.60,PAYMENT,BTP-000036
099999123453,27/03/2026,SUPER CLEARING HOUSE Nina Sales Representative PAY-20260327-EMP-NINA-SALES,128.63,,348533.29,SUPER,SUPER-PAY-20260327-EMP-NINA-SALES
099999123453,27/03/2026,SUPER CLEARING HOUSE Grace High Income QA PAY-20260327-EMP-GRACE-HIG,415.38,,348117.91,SUPER,SUPER-PAY-20260327-EMP-GRACE-HIG
099999123453,27/03/2026,SUPER CLEARING HOUSE Ben Builder PAY-20260327-EMP-BEN-BUILDER,140.65,,347977.26,SUPER,SUPER-PAY-20260327-EMP-BEN-BUILDER
099999123453,27/03/2026,SUPER CLEARING HOUSE Amara Engineer PAY-20260327-EMP-AMARA-ENGINEER,207.69,,347769.57,SUPER,SUPER-PAY-20260327-EMP-AMARA-ENGINEER
099999123453,27/03/2026,PAYROLL NET WAGE Nina Sales Representative PAY-20260327-EMP-NINA-SALES,906.90,,346862.67,PAYROLL,PAYNET-PAY-20260327-EMP-NINA-SALES
099999123453,27/03/2026,PAYROLL NET WAGE Grace High Income QA PAY-20260327-EMP-GRACE-HIG,2470.54,,344392.13,PAYROLL,PAYNET-PAY-20260327-EMP-GRACE-HIG
099999123453,27/03/2026,PAYROLL NET WAGE Ben Builder PAY-20260327-EMP-BEN-BUILDER,974.10,,343418.03,PAYROLL,PAYNET-PAY-20260327-EMP-BEN-BUILDER
099999123453,27/03/2026,PAYROLL NET WAGE Amara Engineer PAY-20260327-EMP-AMARA-ENGINEER,1353.77,,342064.26,PAYROLL,PAYNET-PAY-20260327-EMP-AMARA-ENGINEER
099999123453,27/03/2026,PAYG WITHHOLDING REMITTANCE ATO Nina Sales Representative PAY-20260327-EMP-NINA-SALES,165.00,,341899.26,PAYROLL_TAX,PAYG-PAY-20260327-EMP-NINA-SALES
099999123453,27/03/2026,PAYG WITHHOLDING REMITTANCE ATO Grace High Income QA PAY-20260327-EMP-GRACE-HIG,991.00,,340908.26,PAYROLL_TAX,PAYG-PAY-20260327-EMP-GRACE-HIG
099999123453,27/03/2026,PAYG WITHHOLDING REMITTANCE ATO Ben Builder PAY-20260327-EMP-BEN-BUILDER,198.00,,340710.26,PAYROLL_TAX,PAYG-PAY-20260327-EMP-BEN-BUILDER
099999123453,27/03/2026,PAYG WITHHOLDING REMITTANCE ATO Amara Engineer PAY-20260327-EMP-AMARA-ENGINEER,377.00,,340333.26,PAYROLL_TAX,PAYG-PAY-20260327-EMP-AMARA-ENGINEER
099999123453,25/03/2026,WITHDRAWAL-OSKO PAYMENT Liam Surveying Contractors Pty Ltd CONTRACT-202603,3520.00,,348661.92,PAYMENT,BTP-000035
099999123453,22/03/2026,WITHDRAWAL-OSKO PAYMENT Cloud Software Vendors SOFT-202603,1595.00,,352181.92,PAYMENT,BTP-000034
099999123453,20/03/2026,SUPER CLEARING HOUSE Nina Sales Representative PAY-20260320-EMP-NINA-SALES,128.63,,361976.95,SUPER,SUPER-PAY-20260320-EMP-NINA-SALES
099999123453,20/03/2026,SUPER CLEARING HOUSE Grace High Income QA PAY-20260320-EMP-GRACE-HIG,415.38,,361561.57,SUPER,SUPER-PAY-20260320-EMP-GRACE-HIG
099999123453,20/03/2026,SUPER CLEARING HOUSE Ben Builder PAY-20260320-EMP-BEN-BUILDER,140.65,,361420.92,SUPER,SUPER-PAY-20260320-EMP-BEN-BUILDER
099999123453,20/03/2026,SUPER CLEARING HOUSE Amara Engineer PAY-20260320-EMP-AMARA-ENGINEER,207.69,,361213.23,SUPER,SUPER-PAY-20260320-EMP-AMARA-ENGINEER
099999123453,20/03/2026,PAYROLL NET WAGE Nina Sales Representative PAY-20260320-EMP-NINA-SALES,906.90,,360306.33,PAYROLL,PAYNET-PAY-20260320-EMP-NINA-SALES
099999123453,20/03/2026,PAYROLL NET WAGE Grace High Income QA PAY-20260320-EMP-GRACE-HIG,2470.54,,357835.79,PAYROLL,PAYNET-PAY-20260320-EMP-GRACE-HIG
099999123453,20/03/2026,PAYROLL NET WAGE Ben Builder PAY-20260320-EMP-BEN-BUILDER,974.10,,356861.69,PAYROLL,PAYNET-PAY-20260320-EMP-BEN-BUILDER
099999123453,20/03/2026,PAYROLL NET WAGE Amara Engineer PAY-20260320-EMP-AMARA-ENGINEER,1353.77,,355507.92,PAYROLL,PAYNET-PAY-20260320-EMP-AMARA-ENGINEER
099999123453,20/03/2026,PAYG WITHHOLDING REMITTANCE ATO Nina Sales Representative PAY-20260320-EMP-NINA-SALES,165.00,,355342.92,PAYROLL_TAX,PAYG-PAY-20260320-EMP-NINA-SALES
099999123453,20/03/2026,PAYG WITHHOLDING REMITTANCE ATO Grace High Income QA PAY-20260320-EMP-GRACE-HIG,991.00,,354351.92,PAYROLL_TAX,PAYG-PAY-20260320-EMP-GRACE-HIG
099999123453,20/03/2026,PAYG WITHHOLDING REMITTANCE ATO Ben Builder PAY-20260320-EMP-BEN-BUILDER,198.00,,354153.92,PAYROLL_TAX,PAYG-PAY-20260320-EMP-BEN-BUILDER
099999123453,20/03/2026,PAYG WITHHOLDING REMITTANCE ATO Amara Engineer PAY-20260320-EMP-AMARA-ENGINEER,377.00,,353776.92,PAYROLL_TAX,PAYG-PAY-20260320-EMP-AMARA-ENGINEER
099999123453,18/03/2026,DEPOSIT OSKO PAYMENT Project Client A INV-009,,86075.00,362105.58,DEP,BTR-000009
099999123453,16/03/2026,WITHDRAWAL-OSKO PAYMENT Harbour Property Trust RENT-202603,10120.00,,276030.58,PAYMENT,BTP-000033
099999123453,13/03/2026,SUPER CLEARING HOUSE Nina Sales Representative PAY-20260313-EMP-NINA-SALES,128.63,,294350.61,SUPER,SUPER-PAY-20260313-EMP-NINA-SALES
099999123453,13/03/2026,SUPER CLEARING HOUSE Grace High Income QA PAY-20260313-EMP-GRACE-HIG,415.38,,293935.23,SUPER,SUPER-PAY-20260313-EMP-GRACE-HIG
099999123453,13/03/2026,SUPER CLEARING HOUSE Ben Builder PAY-20260313-EMP-BEN-BUILDER,140.65,,293794.58,SUPER,SUPER-PAY-20260313-EMP-BEN-BUILDER
099999123453,13/03/2026,SUPER CLEARING HOUSE Amara Engineer PAY-20260313-EMP-AMARA-ENGINEER,207.69,,293586.89,SUPER,SUPER-PAY-20260313-EMP-AMARA-ENGINEER
099999123453,13/03/2026,PAYROLL NET WAGE Nina Sales Representative PAY-20260313-EMP-NINA-SALES,906.90,,292679.99,PAYROLL,PAYNET-PAY-20260313-EMP-NINA-SALES
099999123453,13/03/2026,PAYROLL NET WAGE Grace High Income QA PAY-20260313-EMP-GRACE-HIG,2470.54,,290209.45,PAYROLL,PAYNET-PAY-20260313-EMP-GRACE-HIG
099999123453,13/03/2026,PAYROLL NET WAGE Ben Builder PAY-20260313-EMP-BEN-BUILDER,974.10,,289235.35,PAYROLL,PAYNET-PAY-20260313-EMP-BEN-BUILDER
099999123453,13/03/2026,PAYROLL NET WAGE Amara Engineer PAY-20260313-EMP-AMARA-ENGINEER,1353.77,,287881.58,PAYROLL,PAYNET-PAY-20260313-EMP-AMARA-ENGINEER
099999123453,13/03/2026,PAYG WITHHOLDING REMITTANCE ATO Nina Sales Representative PAY-20260313-EMP-NINA-SALES,165.00,,287716.58,PAYROLL_TAX,PAYG-PAY-20260313-EMP-NINA-SALES
099999123453,13/03/2026,PAYG WITHHOLDING REMITTANCE ATO Grace High Income QA PAY-20260313-EMP-GRACE-HIG,991.00,,286725.58,PAYROLL_TAX,PAYG-PAY-20260313-EMP-GRACE-HIG
099999123453,13/03/2026,PAYG WITHHOLDING REMITTANCE ATO Ben Builder PAY-20260313-EMP-BEN-BUILDER,198.00,,286527.58,PAYROLL_TAX,PAYG-PAY-20260313-EMP-BEN-BUILDER
099999123453,13/03/2026,PAYG WITHHOLDING REMITTANCE ATO Amara Engineer PAY-20260313-EMP-AMARA-ENGINEER,377.00,,286150.58,PAYROLL_TAX,PAYG-PAY-20260313-EMP-AMARA-ENGINEER
099999123453,06/03/2026,SUPER CLEARING HOUSE Nina Sales Representative PAY-20260306-EMP-NINA-SALES,272.63,,303914.27,SUPER,SUPER-PAY-20260306-EMP-NINA-SALES
099999123453,06/03/2026,SUPER CLEARING HOUSE Grace High Income QA PAY-20260306-EMP-GRACE-HIG,415.38,,303498.89,SUPER,SUPER-PAY-20260306-EMP-GRACE-HIG
099999123453,06/03/2026,SUPER CLEARING HOUSE Ben Builder PAY-20260306-EMP-BEN-BUILDER,140.65,,303358.24,SUPER,SUPER-PAY-20260306-EMP-BEN-BUILDER
099999123453,06/03/2026,SUPER CLEARING HOUSE Amara Engineer PAY-20260306-EMP-AMARA-ENGINEER,207.69,,303150.55,SUPER,SUPER-PAY-20260306-EMP-AMARA-ENGINEER
099999123453,06/03/2026,PAYROLL NET WAGE Nina Sales Representative PAY-20260306-EMP-NINA-SALES,1721.90,,301428.65,PAYROLL,PAYNET-PAY-20260306-EMP-NINA-SALES
099999123453,06/03/2026,PAYROLL NET WAGE Grace High Income QA PAY-20260306-EMP-GRACE-HIG,2470.54,,298958.11,PAYROLL,PAYNET-PAY-20260306-EMP-GRACE-HIG
099999123453,06/03/2026,PAYROLL NET WAGE Ben Builder PAY-20260306-EMP-BEN-BUILDER,974.10,,297984.01,PAYROLL,PAYNET-PAY-20260306-EMP-BEN-BUILDER
099999123453,06/03/2026,PAYROLL NET WAGE Amara Engineer PAY-20260306-EMP-AMARA-ENGINEER,1353.77,,296630.24,PAYROLL,PAYNET-PAY-20260306-EMP-AMARA-ENGINEER
099999123453,06/03/2026,PAYG WITHHOLDING REMITTANCE ATO Nina Sales Representative PAY-20260306-EMP-NINA-SALES,550.00,,296080.24,PAYROLL_TAX,PAYG-PAY-20260306-EMP-NINA-SALES
099999123453,06/03/2026,PAYG WITHHOLDING REMITTANCE ATO Grace High Income QA PAY-20260306-EMP-GRACE-HIG,991.00,,295089.24,PAYROLL_TAX,PAYG-PAY-20260306-EMP-GRACE-HIG
099999123453,06/03/2026,PAYG WITHHOLDING REMITTANCE ATO Ben Builder PAY-20260306-EMP-BEN-BUILDER,198.00,,294891.24,PAYROLL_TAX,PAYG-PAY-20260306-EMP-BEN-BUILDER
099999123453,06/03/2026,PAYG WITHHOLDING REMITTANCE ATO Amara Engineer PAY-20260306-EMP-AMARA-ENGINEER,377.00,,294514.24,PAYROLL_TAX,PAYG-PAY-20260306-EMP-AMARA-ENGINEER
099999123453,06/03/2026,WITHDRAWAL-OSKO PAYMENT Bank BANKFEE-202602,35.00,,294479.24,PAYMENT,BTP-000032
099999123453,27/02/2026,SUPER CLEARING HOUSE Nina Sales Representative PAY-20260227-EMP-NINA-SALES,128.63,,312405.93,SUPER,SUPER-PAY-20260227-EMP-NINA-SALES
099999123453,27/02/2026,SUPER CLEARING HOUSE Grace High Income QA PAY-20260227-EMP-GRACE-HIG,415.38,,311990.55,SUPER,SUPER-PAY-20260227-EMP-GRACE-HIG
099999123453,27/02/2026,SUPER CLEARING HOUSE Ben Builder PAY-20260227-EMP-BEN-BUILDER,140.65,,311849.90,SUPER,SUPER-PAY-20260227-EMP-BEN-BUILDER
099999123453,27/02/2026,SUPER CLEARING HOUSE Amara Engineer PAY-20260227-EMP-AMARA-ENGINEER,207.69,,311642.21,SUPER,SUPER-PAY-20260227-EMP-AMARA-ENGINEER
099999123453,27/02/2026,PAYROLL NET WAGE Nina Sales Representative PAY-20260227-EMP-NINA-SALES,906.90,,310735.31,PAYROLL,PAYNET-PAY-20260227-EMP-NINA-SALES
099999123453,27/02/2026,PAYROLL NET WAGE Grace High Income QA PAY-20260227-EMP-GRACE-HIG,2470.54,,308264.77,PAYROLL,PAYNET-PAY-20260227-EMP-GRACE-HIG
099999123453,27/02/2026,PAYROLL NET WAGE Ben Builder PAY-20260227-EMP-BEN-BUILDER,987.10,,307277.67,PAYROLL,PAYNET-PAY-20260227-EMP-BEN-BUILDER
099999123453,27/02/2026,PAYROLL NET WAGE Amara Engineer PAY-20260227-EMP-AMARA-ENGINEER,1353.77,,305923.90,PAYROLL,PAYNET-PAY-20260227-EMP-AMARA-ENGINEER
099999123453,27/02/2026,PAYG WITHHOLDING REMITTANCE ATO Nina Sales Representative PAY-20260227-EMP-NINA-SALES,165.00,,305758.90,PAYROLL_TAX,PAYG-PAY-20260227-EMP-NINA-SALES
099999123453,27/02/2026,PAYG WITHHOLDING REMITTANCE ATO Grace High Income QA PAY-20260227-EMP-GRACE-HIG,991.00,,304767.90,PAYROLL_TAX,PAYG-PAY-20260227-EMP-GRACE-HIG
099999123453,27/02/2026,PAYG WITHHOLDING REMITTANCE ATO Ben Builder PAY-20260227-EMP-BEN-BUILDER,204.00,,304563.90,PAYROLL_TAX,PAYG-PAY-20260227-EMP-BEN-BUILDER
099999123453,27/02/2026,PAYG WITHHOLDING REMITTANCE ATO Amara Engineer PAY-20260227-EMP-AMARA-ENGINEER,377.00,,304186.90,PAYROLL_TAX,PAYG-PAY-20260227-EMP-AMARA-ENGINEER
099999123453,25/02/2026,WITHDRAWAL-OSKO PAYMENT Liam Surveying Contractors Pty Ltd CONTRACT-202602,3520.00,,312534.56,PAYMENT,BTP-000031
099999123453,22/02/2026,WITHDRAWAL-OSKO PAYMENT Cloud Software Vendors SOFT-202602,1595.00,,316054.56,PAYMENT,BTP-000030
099999123453,20/02/2026,SUPER CLEARING HOUSE Nina Sales Representative PAY-20260220-EMP-NINA-SALES,128.63,,325849.59,SUPER,SUPER-PAY-20260220-EMP-NINA-SALES
099999123453,20/02/2026,SUPER CLEARING HOUSE Grace High Income QA PAY-20260220-EMP-GRACE-HIG,415.38,,325434.21,SUPER,SUPER-PAY-20260220-EMP-GRACE-HIG
099999123453,20/02/2026,SUPER CLEARING HOUSE Ben Builder PAY-20260220-EMP-BEN-BUILDER,140.65,,325293.56,SUPER,SUPER-PAY-20260220-EMP-BEN-BUILDER
099999123453,20/02/2026,SUPER CLEARING HOUSE Amara Engineer PAY-20260220-EMP-AMARA-ENGINEER,207.69,,325085.87,SUPER,SUPER-PAY-20260220-EMP-AMARA-ENGINEER
099999123453,20/02/2026,PAYROLL NET WAGE Nina Sales Representative PAY-20260220-EMP-NINA-SALES,906.90,,324178.97,PAYROLL,PAYNET-PAY-20260220-EMP-NINA-SALES
099999123453,20/02/2026,PAYROLL NET WAGE Grace High Income QA PAY-20260220-EMP-GRACE-HIG,2470.54,,321708.43,PAYROLL,PAYNET-PAY-20260220-EMP-GRACE-HIG
099999123453,20/02/2026,PAYROLL NET WAGE Ben Builder PAY-20260220-EMP-BEN-BUILDER,974.10,,320734.33,PAYROLL,PAYNET-PAY-20260220-EMP-BEN-BUILDER
099999123453,20/02/2026,PAYROLL NET WAGE Amara Engineer PAY-20260220-EMP-AMARA-ENGINEER,1353.77,,319380.56,PAYROLL,PAYNET-PAY-20260220-EMP-AMARA-ENGINEER
099999123453,20/02/2026,PAYG WITHHOLDING REMITTANCE ATO Nina Sales Representative PAY-20260220-EMP-NINA-SALES,165.00,,319215.56,PAYROLL_TAX,PAYG-PAY-20260220-EMP-NINA-SALES
099999123453,20/02/2026,PAYG WITHHOLDING REMITTANCE ATO Grace High Income QA PAY-20260220-EMP-GRACE-HIG,991.00,,318224.56,PAYROLL_TAX,PAYG-PAY-20260220-EMP-GRACE-HIG
099999123453,20/02/2026,PAYG WITHHOLDING REMITTANCE ATO Ben Builder PAY-20260220-EMP-BEN-BUILDER,198.00,,318026.56,PAYROLL_TAX,PAYG-PAY-20260220-EMP-BEN-BUILDER
099999123453,20/02/2026,PAYG WITHHOLDING REMITTANCE ATO Amara Engineer PAY-20260220-EMP-AMARA-ENGINEER,377.00,,317649.56,PAYROLL_TAX,PAYG-PAY-20260220-EMP-AMARA-ENGINEER
099999123453,18/02/2026,DEPOSIT OSKO PAYMENT Project Client C INV-008,,85800.00,325978.22,DEP,BTR-000008
099999123453,16/02/2026,WITHDRAWAL-OSKO PAYMENT Harbour Property Trust RENT-202602,10120.00,,240178.22,PAYMENT,BTP-000029
099999123453,13/02/2026,SUPER CLEARING HOUSE Nina Sales Representative PAY-20260213-EMP-NINA-SALES,128.63,,258498.25,SUPER,SUPER-PAY-20260213-EMP-NINA-SALES
099999123453,13/02/2026,SUPER CLEARING HOUSE Grace High Income QA PAY-20260213-EMP-GRACE-HIG,415.38,,258082.87,SUPER,SUPER-PAY-20260213-EMP-GRACE-HIG
099999123453,13/02/2026,SUPER CLEARING HOUSE Ben Builder PAY-20260213-EMP-BEN-BUILDER,140.65,,257942.22,SUPER,SUPER-PAY-20260213-EMP-BEN-BUILDER
099999123453,13/02/2026,SUPER CLEARING HOUSE Amara Engineer PAY-20260213-EMP-AMARA-ENGINEER,207.69,,257734.53,SUPER,SUPER-PAY-20260213-EMP-AMARA-ENGINEER
099999123453,13/02/2026,PAYROLL NET WAGE Nina Sales Representative PAY-20260213-EMP-NINA-SALES,906.90,,256827.63,PAYROLL,PAYNET-PAY-20260213-EMP-NINA-SALES
099999123453,13/02/2026,PAYROLL NET WAGE Grace High Income QA PAY-20260213-EMP-GRACE-HIG,2470.54,,254357.09,PAYROLL,PAYNET-PAY-20260213-EMP-GRACE-HIG
099999123453,13/02/2026,PAYROLL NET WAGE Ben Builder PAY-20260213-EMP-BEN-BUILDER,974.10,,253382.99,PAYROLL,PAYNET-PAY-20260213-EMP-BEN-BUILDER
099999123453,13/02/2026,PAYROLL NET WAGE Amara Engineer PAY-20260213-EMP-AMARA-ENGINEER,1353.77,,252029.22,PAYROLL,PAYNET-PAY-20260213-EMP-AMARA-ENGINEER
099999123453,13/02/2026,PAYG WITHHOLDING REMITTANCE ATO Nina Sales Representative PAY-20260213-EMP-NINA-SALES,165.00,,251864.22,PAYROLL_TAX,PAYG-PAY-20260213-EMP-NINA-SALES
099999123453,13/02/2026,PAYG WITHHOLDING REMITTANCE ATO Grace High Income QA PAY-20260213-EMP-GRACE-HIG,991.00,,250873.22,PAYROLL_TAX,PAYG-PAY-20260213-EMP-GRACE-HIG
099999123453,13/02/2026,PAYG WITHHOLDING REMITTANCE ATO Ben Builder PAY-20260213-EMP-BEN-BUILDER,198.00,,250675.22,PAYROLL_TAX,PAYG-PAY-20260213-EMP-BEN-BUILDER
099999123453,13/02/2026,PAYG WITHHOLDING REMITTANCE ATO Amara Engineer PAY-20260213-EMP-AMARA-ENGINEER,377.00,,250298.22,PAYROLL_TAX,PAYG-PAY-20260213-EMP-AMARA-ENGINEER
099999123453,06/02/2026,SUPER CLEARING HOUSE Nina Sales Representative PAY-20260206-EMP-NINA-SALES,272.63,,268026.91,SUPER,SUPER-PAY-20260206-EMP-NINA-SALES
099999123453,06/02/2026,SUPER CLEARING HOUSE Grace High Income QA PAY-20260206-EMP-GRACE-HIG,415.38,,267611.53,SUPER,SUPER-PAY-20260206-EMP-GRACE-HIG
099999123453,06/02/2026,SUPER CLEARING HOUSE Ben Builder PAY-20260206-EMP-BEN-BUILDER,140.65,,267470.88,SUPER,SUPER-PAY-20260206-EMP-BEN-BUILDER
099999123453,06/02/2026,SUPER CLEARING HOUSE Amara Engineer PAY-20260206-EMP-AMARA-ENGINEER,207.69,,267263.19,SUPER,SUPER-PAY-20260206-EMP-AMARA-ENGINEER
099999123453,06/02/2026,PAYROLL NET WAGE Nina Sales Representative PAY-20260206-EMP-NINA-SALES,1721.90,,265541.29,PAYROLL,PAYNET-PAY-20260206-EMP-NINA-SALES
099999123453,06/02/2026,PAYROLL NET WAGE Grace High Income QA PAY-20260206-EMP-GRACE-HIG,2470.54,,263070.75,PAYROLL,PAYNET-PAY-20260206-EMP-GRACE-HIG
099999123453,06/02/2026,PAYROLL NET WAGE Ben Builder PAY-20260206-EMP-BEN-BUILDER,974.10,,262096.65,PAYROLL,PAYNET-PAY-20260206-EMP-BEN-BUILDER
099999123453,06/02/2026,PAYROLL NET WAGE Amara Engineer PAY-20260206-EMP-AMARA-ENGINEER,1353.77,,260742.88,PAYROLL,PAYNET-PAY-20260206-EMP-AMARA-ENGINEER
099999123453,06/02/2026,PAYG WITHHOLDING REMITTANCE ATO Nina Sales Representative PAY-20260206-EMP-NINA-SALES,550.00,,260192.88,PAYROLL_TAX,PAYG-PAY-20260206-EMP-NINA-SALES
099999123453,06/02/2026,PAYG WITHHOLDING REMITTANCE ATO Grace High Income QA PAY-20260206-EMP-GRACE-HIG,991.00,,259201.88,PAYROLL_TAX,PAYG-PAY-20260206-EMP-GRACE-HIG
099999123453,06/02/2026,PAYG WITHHOLDING REMITTANCE ATO Ben Builder PAY-20260206-EMP-BEN-BUILDER,198.00,,259003.88,PAYROLL_TAX,PAYG-PAY-20260206-EMP-BEN-BUILDER
099999123453,06/02/2026,PAYG WITHHOLDING REMITTANCE ATO Amara Engineer PAY-20260206-EMP-AMARA-ENGINEER,377.00,,258626.88,PAYROLL_TAX,PAYG-PAY-20260206-EMP-AMARA-ENGINEER
099999123453,03/02/2026,WITHDRAWAL-OSKO PAYMENT Bank BANKFEE-202601,35.00,,268299.54,PAYMENT,BTP-000028
099999123453,30/01/2026,SUPER CLEARING HOUSE Nina Sales Representative PAY-20260130-EMP-NINA-SALES,128.63,,276534.57,SUPER,SUPER-PAY-20260130-EMP-NINA-SALES
099999123453,30/01/2026,SUPER CLEARING HOUSE Grace High Income QA PAY-20260130-EMP-GRACE-HIG,415.38,,276119.19,SUPER,SUPER-PAY-20260130-EMP-GRACE-HIG
099999123453,30/01/2026,SUPER CLEARING HOUSE Ben Builder PAY-20260130-EMP-BEN-BUILDER,140.65,,275978.54,SUPER,SUPER-PAY-20260130-EMP-BEN-BUILDER
099999123453,30/01/2026,SUPER CLEARING HOUSE Amara Engineer PAY-20260130-EMP-AMARA-ENGINEER,207.69,,275770.85,SUPER,SUPER-PAY-20260130-EMP-AMARA-ENGINEER
099999123453,30/01/2026,PAYROLL NET WAGE Nina Sales Representative PAY-20260130-EMP-NINA-SALES,906.90,,274863.95,PAYROLL,PAYNET-PAY-20260130-EMP-NINA-SALES
099999123453,30/01/2026,PAYROLL NET WAGE Grace High Income QA PAY-20260130-EMP-GRACE-HIG,2470.54,,272393.41,PAYROLL,PAYNET-PAY-20260130-EMP-GRACE-HIG
099999123453,30/01/2026,PAYROLL NET WAGE Ben Builder PAY-20260130-EMP-BEN-BUILDER,974.10,,271419.31,PAYROLL,PAYNET-PAY-20260130-EMP-BEN-BUILDER
099999123453,30/01/2026,PAYROLL NET WAGE Amara Engineer PAY-20260130-EMP-AMARA-ENGINEER,1353.77,,270065.54,PAYROLL,PAYNET-PAY-20260130-EMP-AMARA-ENGINEER
099999123453,30/01/2026,PAYG WITHHOLDING REMITTANCE ATO Nina Sales Representative PAY-20260130-EMP-NINA-SALES,165.00,,269900.54,PAYROLL_TAX,PAYG-PAY-20260130-EMP-NINA-SALES
099999123453,30/01/2026,PAYG WITHHOLDING REMITTANCE ATO Grace High Income QA PAY-20260130-EMP-GRACE-HIG,991.00,,268909.54,PAYROLL_TAX,PAYG-PAY-20260130-EMP-GRACE-HIG
099999123453,30/01/2026,PAYG WITHHOLDING REMITTANCE ATO Ben Builder PAY-20260130-EMP-BEN-BUILDER,198.00,,268711.54,PAYROLL_TAX,PAYG-PAY-20260130-EMP-BEN-BUILDER
099999123453,30/01/2026,PAYG WITHHOLDING REMITTANCE ATO Amara Engineer PAY-20260130-EMP-AMARA-ENGINEER,377.00,,268334.54,PAYROLL_TAX,PAYG-PAY-20260130-EMP-AMARA-ENGINEER
099999123453,25/01/2026,WITHDRAWAL-OSKO PAYMENT Liam Surveying Contractors Pty Ltd CONTRACT-202601,3520.00,,276663.20,PAYMENT,BTP-000027
099999123453,23/01/2026,SUPER CLEARING HOUSE Nina Sales Representative PAY-20260123-EMP-NINA-SALES,128.63,,288402.23,SUPER,SUPER-PAY-20260123-EMP-NINA-SALES
099999123453,23/01/2026,SUPER CLEARING HOUSE Grace High Income QA PAY-20260123-EMP-GRACE-HIG,415.38,,287986.85,SUPER,SUPER-PAY-20260123-EMP-GRACE-HIG
099999123453,23/01/2026,SUPER CLEARING HOUSE Ben Builder PAY-20260123-EMP-BEN-BUILDER,140.65,,287846.20,SUPER,SUPER-PAY-20260123-EMP-BEN-BUILDER
099999123453,23/01/2026,SUPER CLEARING HOUSE Amara Engineer PAY-20260123-EMP-AMARA-ENGINEER,207.69,,287638.51,SUPER,SUPER-PAY-20260123-EMP-AMARA-ENGINEER
099999123453,23/01/2026,PAYROLL NET WAGE Nina Sales Representative PAY-20260123-EMP-NINA-SALES,906.90,,286731.61,PAYROLL,PAYNET-PAY-20260123-EMP-NINA-SALES
099999123453,23/01/2026,PAYROLL NET WAGE Grace High Income QA PAY-20260123-EMP-GRACE-HIG,2470.54,,284261.07,PAYROLL,PAYNET-PAY-20260123-EMP-GRACE-HIG
099999123453,23/01/2026,PAYROLL NET WAGE Ben Builder PAY-20260123-EMP-BEN-BUILDER,987.10,,283273.97,PAYROLL,PAYNET-PAY-20260123-EMP-BEN-BUILDER
099999123453,23/01/2026,PAYROLL NET WAGE Amara Engineer PAY-20260123-EMP-AMARA-ENGINEER,1353.77,,281920.20,PAYROLL,PAYNET-PAY-20260123-EMP-AMARA-ENGINEER
099999123453,23/01/2026,PAYG WITHHOLDING REMITTANCE ATO Nina Sales Representative PAY-20260123-EMP-NINA-SALES,165.00,,281755.20,PAYROLL_TAX,PAYG-PAY-20260123-EMP-NINA-SALES
099999123453,23/01/2026,PAYG WITHHOLDING REMITTANCE ATO Grace High Income QA PAY-20260123-EMP-GRACE-HIG,991.00,,280764.20,PAYROLL_TAX,PAYG-PAY-20260123-EMP-GRACE-HIG
099999123453,23/01/2026,PAYG WITHHOLDING REMITTANCE ATO Ben Builder PAY-20260123-EMP-BEN-BUILDER,204.00,,280560.20,PAYROLL_TAX,PAYG-PAY-20260123-EMP-BEN-BUILDER
099999123453,23/01/2026,PAYG WITHHOLDING REMITTANCE ATO Amara Engineer PAY-20260123-EMP-AMARA-ENGINEER,377.00,,280183.20,PAYROLL_TAX,PAYG-PAY-20260123-EMP-AMARA-ENGINEER
099999123453,22/01/2026,WITHDRAWAL-OSKO PAYMENT Cloud Software Vendors SOFT-202601,1595.00,,288530.86,PAYMENT,BTP-000026
099999123453,18/01/2026,DEPOSIT OSKO PAYMENT Project Client B INV-007,,85525.00,290125.86,DEP,BTR-000007
099999123453,16/01/2026,SUPER CLEARING HOUSE Nina Sales Representative PAY-20260116-EMP-NINA-SALES,128.63,,222920.89,SUPER,SUPER-PAY-20260116-EMP-NINA-SALES
099999123453,16/01/2026,SUPER CLEARING HOUSE Grace High Income QA PAY-20260116-EMP-GRACE-HIG,415.38,,222505.51,SUPER,SUPER-PAY-20260116-EMP-GRACE-HIG
099999123453,16/01/2026,SUPER CLEARING HOUSE Ben Builder PAY-20260116-EMP-BEN-BUILDER,140.65,,222364.86,SUPER,SUPER-PAY-20260116-EMP-BEN-BUILDER
099999123453,16/01/2026,SUPER CLEARING HOUSE Amara Engineer PAY-20260116-EMP-AMARA-ENGINEER,207.69,,222157.17,SUPER,SUPER-PAY-20260116-EMP-AMARA-ENGINEER
099999123453,16/01/2026,PAYROLL NET WAGE Nina Sales Representative PAY-20260116-EMP-NINA-SALES,906.90,,221250.27,PAYROLL,PAYNET-PAY-20260116-EMP-NINA-SALES
099999123453,16/01/2026,PAYROLL NET WAGE Grace High Income QA PAY-20260116-EMP-GRACE-HIG,2470.54,,218779.73,PAYROLL,PAYNET-PAY-20260116-EMP-GRACE-HIG
099999123453,16/01/2026,PAYROLL NET WAGE Ben Builder PAY-20260116-EMP-BEN-BUILDER,974.10,,217805.63,PAYROLL,PAYNET-PAY-20260116-EMP-BEN-BUILDER
099999123453,16/01/2026,PAYROLL NET WAGE Amara Engineer PAY-20260116-EMP-AMARA-ENGINEER,1353.77,,216451.86,PAYROLL,PAYNET-PAY-20260116-EMP-AMARA-ENGINEER
099999123453,16/01/2026,PAYG WITHHOLDING REMITTANCE ATO Nina Sales Representative PAY-20260116-EMP-NINA-SALES,165.00,,216286.86,PAYROLL_TAX,PAYG-PAY-20260116-EMP-NINA-SALES
099999123453,16/01/2026,PAYG WITHHOLDING REMITTANCE ATO Grace High Income QA PAY-20260116-EMP-GRACE-HIG,991.00,,215295.86,PAYROLL_TAX,PAYG-PAY-20260116-EMP-GRACE-HIG
099999123453,16/01/2026,PAYG WITHHOLDING REMITTANCE ATO Ben Builder PAY-20260116-EMP-BEN-BUILDER,198.00,,215097.86,PAYROLL_TAX,PAYG-PAY-20260116-EMP-BEN-BUILDER
099999123453,16/01/2026,PAYG WITHHOLDING REMITTANCE ATO Amara Engineer PAY-20260116-EMP-AMARA-ENGINEER,377.00,,214720.86,PAYROLL_TAX,PAYG-PAY-20260116-EMP-AMARA-ENGINEER
099999123453,16/01/2026,WITHDRAWAL-OSKO PAYMENT Harbour Property Trust RENT-202601,10120.00,,204600.86,PAYMENT,BTP-000025
099999123453,09/01/2026,SUPER CLEARING HOUSE Nina Sales Representative PAY-20260109-EMP-NINA-SALES,128.63,,231249.55,SUPER,SUPER-PAY-20260109-EMP-NINA-SALES
099999123453,09/01/2026,SUPER CLEARING HOUSE Grace High Income QA PAY-20260109-EMP-GRACE-HIG,415.38,,230834.17,SUPER,SUPER-PAY-20260109-EMP-GRACE-HIG
099999123453,09/01/2026,SUPER CLEARING HOUSE Ben Builder PAY-20260109-EMP-BEN-BUILDER,140.65,,230693.52,SUPER,SUPER-PAY-20260109-EMP-BEN-BUILDER
099999123453,09/01/2026,SUPER CLEARING HOUSE Amara Engineer PAY-20260109-EMP-AMARA-ENGINEER,207.69,,230485.83,SUPER,SUPER-PAY-20260109-EMP-AMARA-ENGINEER
099999123453,09/01/2026,PAYROLL NET WAGE Nina Sales Representative PAY-20260109-EMP-NINA-SALES,906.90,,229578.93,PAYROLL,PAYNET-PAY-20260109-EMP-NINA-SALES
099999123453,09/01/2026,PAYROLL NET WAGE Grace High Income QA PAY-20260109-EMP-GRACE-HIG,2470.54,,227108.39,PAYROLL,PAYNET-PAY-20260109-EMP-GRACE-HIG
099999123453,09/01/2026,PAYROLL NET WAGE Ben Builder PAY-20260109-EMP-BEN-BUILDER,974.10,,226134.29,PAYROLL,PAYNET-PAY-20260109-EMP-BEN-BUILDER
099999123453,09/01/2026,PAYROLL NET WAGE Amara Engineer PAY-20260109-EMP-AMARA-ENGINEER,1353.77,,224780.52,PAYROLL,PAYNET-PAY-20260109-EMP-AMARA-ENGINEER
099999123453,09/01/2026,PAYG WITHHOLDING REMITTANCE ATO Nina Sales Representative PAY-20260109-EMP-NINA-SALES,165.00,,224615.52,PAYROLL_TAX,PAYG-PAY-20260109-EMP-NINA-SALES
099999123453,09/01/2026,PAYG WITHHOLDING REMITTANCE ATO Grace High Income QA PAY-20260109-EMP-GRACE-HIG,991.00,,223624.52,PAYROLL_TAX,PAYG-PAY-20260109-EMP-GRACE-HIG
099999123453,09/01/2026,PAYG WITHHOLDING REMITTANCE ATO Ben Builder PAY-20260109-EMP-BEN-BUILDER,198.00,,223426.52,PAYROLL_TAX,PAYG-PAY-20260109-EMP-BEN-BUILDER
099999123453,09/01/2026,PAYG WITHHOLDING REMITTANCE ATO Amara Engineer PAY-20260109-EMP-AMARA-ENGINEER,377.00,,223049.52,PAYROLL_TAX,PAYG-PAY-20260109-EMP-AMARA-ENGINEER
099999123453,03/01/2026,WITHDRAWAL-OSKO PAYMENT Bank BANKFEE-202512,35.00,,231378.18,PAYMENT,BTP-000024
099999123453,02/01/2026,SUPER CLEARING HOUSE Nina Sales Representative PAY-20260102-EMP-NINA-SALES,272.63,,240813.21,SUPER,SUPER-PAY-20260102-EMP-NINA-SALES
099999123453,02/01/2026,SUPER CLEARING HOUSE Grace High Income QA PAY-20260102-EMP-GRACE-HIG,415.38,,240397.83,SUPER,SUPER-PAY-20260102-EMP-GRACE-HIG
099999123453,02/01/2026,SUPER CLEARING HOUSE Ben Builder PAY-20260102-EMP-BEN-BUILDER,140.65,,240257.18,SUPER,SUPER-PAY-20260102-EMP-BEN-BUILDER
099999123453,02/01/2026,SUPER CLEARING HOUSE Amara Engineer PAY-20260102-EMP-AMARA-ENGINEER,207.69,,240049.49,SUPER,SUPER-PAY-20260102-EMP-AMARA-ENGINEER
099999123453,02/01/2026,PAYROLL NET WAGE Nina Sales Representative PAY-20260102-EMP-NINA-SALES,1721.90,,238327.59,PAYROLL,PAYNET-PAY-20260102-EMP-NINA-SALES
099999123453,02/01/2026,PAYROLL NET WAGE Grace High Income QA PAY-20260102-EMP-GRACE-HIG,2470.54,,235857.05,PAYROLL,PAYNET-PAY-20260102-EMP-GRACE-HIG
099999123453,02/01/2026,PAYROLL NET WAGE Ben Builder PAY-20260102-EMP-BEN-BUILDER,974.10,,234882.95,PAYROLL,PAYNET-PAY-20260102-EMP-BEN-BUILDER
099999123453,02/01/2026,PAYROLL NET WAGE Amara Engineer PAY-20260102-EMP-AMARA-ENGINEER,1353.77,,233529.18,PAYROLL,PAYNET-PAY-20260102-EMP-AMARA-ENGINEER
099999123453,02/01/2026,PAYG WITHHOLDING REMITTANCE ATO Nina Sales Representative PAY-20260102-EMP-NINA-SALES,550.00,,232979.18,PAYROLL_TAX,PAYG-PAY-20260102-EMP-NINA-SALES
099999123453,02/01/2026,PAYG WITHHOLDING REMITTANCE ATO Grace High Income QA PAY-20260102-EMP-GRACE-HIG,991.00,,231988.18,PAYROLL_TAX,PAYG-PAY-20260102-EMP-GRACE-HIG
099999123453,02/01/2026,PAYG WITHHOLDING REMITTANCE ATO Ben Builder PAY-20260102-EMP-BEN-BUILDER,198.00,,231790.18,PAYROLL_TAX,PAYG-PAY-20260102-EMP-BEN-BUILDER
099999123453,02/01/2026,PAYG WITHHOLDING REMITTANCE ATO Amara Engineer PAY-20260102-EMP-AMARA-ENGINEER,377.00,,231413.18,PAYROLL_TAX,PAYG-PAY-20260102-EMP-AMARA-ENGINEER
099999123453,26/12/2025,SUPER CLEARING HOUSE Nina Sales Representative PAY-20251226-EMP-NINA-SALES,128.63,,249285.87,SUPER,SUPER-PAY-20251226-EMP-NINA-SALES
099999123453,26/12/2025,SUPER CLEARING HOUSE Grace High Income QA PAY-20251226-EMP-GRACE-HIG,415.38,,248870.49,SUPER,SUPER-PAY-20251226-EMP-GRACE-HIG
099999123453,26/12/2025,SUPER CLEARING HOUSE Ben Builder PAY-20251226-EMP-BEN-BUILDER,140.65,,248729.84,SUPER,SUPER-PAY-20251226-EMP-BEN-BUILDER
099999123453,26/12/2025,SUPER CLEARING HOUSE Amara Engineer PAY-20251226-EMP-AMARA-ENGINEER,207.69,,248522.15,SUPER,SUPER-PAY-20251226-EMP-AMARA-ENGINEER
099999123453,26/12/2025,PAYROLL NET WAGE Nina Sales Representative PAY-20251226-EMP-NINA-SALES,906.90,,247615.25,PAYROLL,PAYNET-PAY-20251226-EMP-NINA-SALES
099999123453,26/12/2025,PAYROLL NET WAGE Grace High Income QA PAY-20251226-EMP-GRACE-HIG,2470.54,,245144.71,PAYROLL,PAYNET-PAY-20251226-EMP-GRACE-HIG
099999123453,26/12/2025,PAYROLL NET WAGE Ben Builder PAY-20251226-EMP-BEN-BUILDER,974.10,,244170.61,PAYROLL,PAYNET-PAY-20251226-EMP-BEN-BUILDER
099999123453,26/12/2025,PAYROLL NET WAGE Amara Engineer PAY-20251226-EMP-AMARA-ENGINEER,1353.77,,242816.84,PAYROLL,PAYNET-PAY-20251226-EMP-AMARA-ENGINEER
099999123453,26/12/2025,PAYG WITHHOLDING REMITTANCE ATO Nina Sales Representative PAY-20251226-EMP-NINA-SALES,165.00,,242651.84,PAYROLL_TAX,PAYG-PAY-20251226-EMP-NINA-SALES
099999123453,26/12/2025,PAYG WITHHOLDING REMITTANCE ATO Grace High Income QA PAY-20251226-EMP-GRACE-HIG,991.00,,241660.84,PAYROLL_TAX,PAYG-PAY-20251226-EMP-GRACE-HIG
099999123453,26/12/2025,PAYG WITHHOLDING REMITTANCE ATO Ben Builder PAY-20251226-EMP-BEN-BUILDER,198.00,,241462.84,PAYROLL_TAX,PAYG-PAY-20251226-EMP-BEN-BUILDER
099999123453,26/12/2025,PAYG WITHHOLDING REMITTANCE ATO Amara Engineer PAY-20251226-EMP-AMARA-ENGINEER,377.00,,241085.84,PAYROLL_TAX,PAYG-PAY-20251226-EMP-AMARA-ENGINEER
099999123453,25/12/2025,WITHDRAWAL-OSKO PAYMENT Liam Surveying Contractors Pty Ltd CONTRACT-202512,3520.00,,249414.50,PAYMENT,BTP-000023
099999123453,22/12/2025,WITHDRAWAL-OSKO PAYMENT Cloud Software Vendors SOFT-202512,1595.00,,252934.50,PAYMENT,BTP-000022
099999123453,19/12/2025,SUPER CLEARING HOUSE Nina Sales Representative PAY-20251219-EMP-NINA-SALES,128.63,,262748.53,SUPER,SUPER-PAY-20251219-EMP-NINA-SALES
099999123453,19/12/2025,SUPER CLEARING HOUSE Grace High Income QA PAY-20251219-EMP-GRACE-HIG,415.38,,262333.15,SUPER,SUPER-PAY-20251219-EMP-GRACE-HIG
099999123453,19/12/2025,SUPER CLEARING HOUSE Ben Builder PAY-20251219-EMP-BEN-BUILDER,140.65,,262192.50,SUPER,SUPER-PAY-20251219-EMP-BEN-BUILDER
099999123453,19/12/2025,SUPER CLEARING HOUSE Amara Engineer PAY-20251219-EMP-AMARA-ENGINEER,207.69,,261984.81,SUPER,SUPER-PAY-20251219-EMP-AMARA-ENGINEER
099999123453,19/12/2025,PAYROLL NET WAGE Nina Sales Representative PAY-20251219-EMP-NINA-SALES,906.90,,261077.91,PAYROLL,PAYNET-PAY-20251219-EMP-NINA-SALES
099999123453,19/12/2025,PAYROLL NET WAGE Grace High Income QA PAY-20251219-EMP-GRACE-HIG,2470.54,,258607.37,PAYROLL,PAYNET-PAY-20251219-EMP-GRACE-HIG
099999123453,19/12/2025,PAYROLL NET WAGE Ben Builder PAY-20251219-EMP-BEN-BUILDER,987.10,,257620.27,PAYROLL,PAYNET-PAY-20251219-EMP-BEN-BUILDER
099999123453,19/12/2025,PAYROLL NET WAGE Amara Engineer PAY-20251219-EMP-AMARA-ENGINEER,1353.77,,256266.50,PAYROLL,PAYNET-PAY-20251219-EMP-AMARA-ENGINEER
099999123453,19/12/2025,PAYG WITHHOLDING REMITTANCE ATO Nina Sales Representative PAY-20251219-EMP-NINA-SALES,165.00,,256101.50,PAYROLL_TAX,PAYG-PAY-20251219-EMP-NINA-SALES
099999123453,19/12/2025,PAYG WITHHOLDING REMITTANCE ATO Grace High Income QA PAY-20251219-EMP-GRACE-HIG,991.00,,255110.50,PAYROLL_TAX,PAYG-PAY-20251219-EMP-GRACE-HIG
099999123453,19/12/2025,PAYG WITHHOLDING REMITTANCE ATO Ben Builder PAY-20251219-EMP-BEN-BUILDER,204.00,,254906.50,PAYROLL_TAX,PAYG-PAY-20251219-EMP-BEN-BUILDER
099999123453,19/12/2025,PAYG WITHHOLDING REMITTANCE ATO Amara Engineer PAY-20251219-EMP-AMARA-ENGINEER,377.00,,254529.50,PAYROLL_TAX,PAYG-PAY-20251219-EMP-AMARA-ENGINEER
099999123453,18/12/2025,DEPOSIT OSKO PAYMENT Project Client A INV-006,,85250.00,262877.16,DEP,BTR-000006
099999123453,16/12/2025,WITHDRAWAL-OSKO PAYMENT Harbour Property Trust RENT-202512,10120.00,,177627.16,PAYMENT,BTP-000021
099999123453,12/12/2025,SUPER CLEARING HOUSE Nina Sales Representative PAY-20251212-EMP-NINA-SALES,128.63,,195947.19,SUPER,SUPER-PAY-20251212-EMP-NINA-SALES
099999123453,12/12/2025,SUPER CLEARING HOUSE Grace High Income QA PAY-20251212-EMP-GRACE-HIG,415.38,,195531.81,SUPER,SUPER-PAY-20251212-EMP-GRACE-HIG
099999123453,12/12/2025,SUPER CLEARING HOUSE Ben Builder PAY-20251212-EMP-BEN-BUILDER,140.65,,195391.16,SUPER,SUPER-PAY-20251212-EMP-BEN-BUILDER
099999123453,12/12/2025,SUPER CLEARING HOUSE Amara Engineer PAY-20251212-EMP-AMARA-ENGINEER,207.69,,195183.47,SUPER,SUPER-PAY-20251212-EMP-AMARA-ENGINEER
099999123453,12/12/2025,PAYROLL NET WAGE Nina Sales Representative PAY-20251212-EMP-NINA-SALES,906.90,,194276.57,PAYROLL,PAYNET-PAY-20251212-EMP-NINA-SALES
099999123453,12/12/2025,PAYROLL NET WAGE Grace High Income QA PAY-20251212-EMP-GRACE-HIG,2470.54,,191806.03,PAYROLL,PAYNET-PAY-20251212-EMP-GRACE-HIG
099999123453,12/12/2025,PAYROLL NET WAGE Ben Builder PAY-20251212-EMP-BEN-BUILDER,974.10,,190831.93,PAYROLL,PAYNET-PAY-20251212-EMP-BEN-BUILDER
099999123453,12/12/2025,PAYROLL NET WAGE Amara Engineer PAY-20251212-EMP-AMARA-ENGINEER,1353.77,,189478.16,PAYROLL,PAYNET-PAY-20251212-EMP-AMARA-ENGINEER
099999123453,12/12/2025,PAYG WITHHOLDING REMITTANCE ATO Nina Sales Representative PAY-20251212-EMP-NINA-SALES,165.00,,189313.16,PAYROLL_TAX,PAYG-PAY-20251212-EMP-NINA-SALES
099999123453,12/12/2025,PAYG WITHHOLDING REMITTANCE ATO Grace High Income QA PAY-20251212-EMP-GRACE-HIG,991.00,,188322.16,PAYROLL_TAX,PAYG-PAY-20251212-EMP-GRACE-HIG
099999123453,12/12/2025,PAYG WITHHOLDING REMITTANCE ATO Ben Builder PAY-20251212-EMP-BEN-BUILDER,198.00,,188124.16,PAYROLL_TAX,PAYG-PAY-20251212-EMP-BEN-BUILDER
099999123453,12/12/2025,PAYG WITHHOLDING REMITTANCE ATO Amara Engineer PAY-20251212-EMP-AMARA-ENGINEER,377.00,,187747.16,PAYROLL_TAX,PAYG-PAY-20251212-EMP-AMARA-ENGINEER
099999123453,05/12/2025,SUPER CLEARING HOUSE Nina Sales Representative PAY-20251205-EMP-NINA-SALES,272.63,,205475.85,SUPER,SUPER-PAY-20251205-EMP-NINA-SALES
099999123453,05/12/2025,SUPER CLEARING HOUSE Grace High Income QA PAY-20251205-EMP-GRACE-HIG,415.38,,205060.47,SUPER,SUPER-PAY-20251205-EMP-GRACE-HIG
099999123453,05/12/2025,SUPER CLEARING HOUSE Ben Builder PAY-20251205-EMP-BEN-BUILDER,140.65,,204919.82,SUPER,SUPER-PAY-20251205-EMP-BEN-BUILDER
099999123453,05/12/2025,SUPER CLEARING HOUSE Amara Engineer PAY-20251205-EMP-AMARA-ENGINEER,207.69,,204712.13,SUPER,SUPER-PAY-20251205-EMP-AMARA-ENGINEER
099999123453,05/12/2025,PAYROLL NET WAGE Nina Sales Representative PAY-20251205-EMP-NINA-SALES,1721.90,,202990.23,PAYROLL,PAYNET-PAY-20251205-EMP-NINA-SALES
099999123453,05/12/2025,PAYROLL NET WAGE Grace High Income QA PAY-20251205-EMP-GRACE-HIG,2470.54,,200519.69,PAYROLL,PAYNET-PAY-20251205-EMP-GRACE-HIG
099999123453,05/12/2025,PAYROLL NET WAGE Ben Builder PAY-20251205-EMP-BEN-BUILDER,974.10,,199545.59,PAYROLL,PAYNET-PAY-20251205-EMP-BEN-BUILDER
099999123453,05/12/2025,PAYROLL NET WAGE Amara Engineer PAY-20251205-EMP-AMARA-ENGINEER,1353.77,,198191.82,PAYROLL,PAYNET-PAY-20251205-EMP-AMARA-ENGINEER
099999123453,05/12/2025,PAYG WITHHOLDING REMITTANCE ATO Nina Sales Representative PAY-20251205-EMP-NINA-SALES,550.00,,197641.82,PAYROLL_TAX,PAYG-PAY-20251205-EMP-NINA-SALES
099999123453,05/12/2025,PAYG WITHHOLDING REMITTANCE ATO Grace High Income QA PAY-20251205-EMP-GRACE-HIG,991.00,,196650.82,PAYROLL_TAX,PAYG-PAY-20251205-EMP-GRACE-HIG
099999123453,05/12/2025,PAYG WITHHOLDING REMITTANCE ATO Ben Builder PAY-20251205-EMP-BEN-BUILDER,198.00,,196452.82,PAYROLL_TAX,PAYG-PAY-20251205-EMP-BEN-BUILDER
099999123453,05/12/2025,PAYG WITHHOLDING REMITTANCE ATO Amara Engineer PAY-20251205-EMP-AMARA-ENGINEER,377.00,,196075.82,PAYROLL_TAX,PAYG-PAY-20251205-EMP-AMARA-ENGINEER
099999123453,04/12/2025,WITHDRAWAL-OSKO PAYMENT Bank BANKFEE-202511,35.00,,205748.48,PAYMENT,BTP-000020
099999123453,28/11/2025,SUPER CLEARING HOUSE Nina Sales Representative PAY-20251128-EMP-NINA-SALES,128.63,,213983.51,SUPER,SUPER-PAY-20251128-EMP-NINA-SALES
099999123453,28/11/2025,SUPER CLEARING HOUSE Grace High Income QA PAY-20251128-EMP-GRACE-HIG,415.38,,213568.13,SUPER,SUPER-PAY-20251128-EMP-GRACE-HIG
099999123453,28/11/2025,SUPER CLEARING HOUSE Ben Builder PAY-20251128-EMP-BEN-BUILDER,140.65,,213427.48,SUPER,SUPER-PAY-20251128-EMP-BEN-BUILDER
099999123453,28/11/2025,SUPER CLEARING HOUSE Amara Engineer PAY-20251128-EMP-AMARA-ENGINEER,207.69,,213219.79,SUPER,SUPER-PAY-20251128-EMP-AMARA-ENGINEER
099999123453,28/11/2025,PAYROLL NET WAGE Nina Sales Representative PAY-20251128-EMP-NINA-SALES,906.90,,212312.89,PAYROLL,PAYNET-PAY-20251128-EMP-NINA-SALES
099999123453,28/11/2025,PAYROLL NET WAGE Grace High Income QA PAY-20251128-EMP-GRACE-HIG,2470.54,,209842.35,PAYROLL,PAYNET-PAY-20251128-EMP-GRACE-HIG
099999123453,28/11/2025,PAYROLL NET WAGE Ben Builder PAY-20251128-EMP-BEN-BUILDER,974.10,,208868.25,PAYROLL,PAYNET-PAY-20251128-EMP-BEN-BUILDER
099999123453,28/11/2025,PAYROLL NET WAGE Amara Engineer PAY-20251128-EMP-AMARA-ENGINEER,1353.77,,207514.48,PAYROLL,PAYNET-PAY-20251128-EMP-AMARA-ENGINEER
099999123453,28/11/2025,PAYG WITHHOLDING REMITTANCE ATO Nina Sales Representative PAY-20251128-EMP-NINA-SALES,165.00,,207349.48,PAYROLL_TAX,PAYG-PAY-20251128-EMP-NINA-SALES
099999123453,28/11/2025,PAYG WITHHOLDING REMITTANCE ATO Grace High Income QA PAY-20251128-EMP-GRACE-HIG,991.00,,206358.48,PAYROLL_TAX,PAYG-PAY-20251128-EMP-GRACE-HIG
099999123453,28/11/2025,PAYG WITHHOLDING REMITTANCE ATO Ben Builder PAY-20251128-EMP-BEN-BUILDER,198.00,,206160.48,PAYROLL_TAX,PAYG-PAY-20251128-EMP-BEN-BUILDER
099999123453,28/11/2025,PAYG WITHHOLDING REMITTANCE ATO Amara Engineer PAY-20251128-EMP-AMARA-ENGINEER,377.00,,205783.48,PAYROLL_TAX,PAYG-PAY-20251128-EMP-AMARA-ENGINEER
099999123453,25/11/2025,WITHDRAWAL-OSKO PAYMENT Liam Surveying Contractors Pty Ltd CONTRACT-202511,3520.00,,214112.14,PAYMENT,BTP-000019
099999123453,22/11/2025,WITHDRAWAL-OSKO PAYMENT Cloud Software Vendors SOFT-202511,1595.00,,217632.14,PAYMENT,BTP-000018
099999123453,21/11/2025,SUPER CLEARING HOUSE Nina Sales Representative PAY-20251121-EMP-NINA-SALES,128.63,,227427.17,SUPER,SUPER-PAY-20251121-EMP-NINA-SALES
099999123453,21/11/2025,SUPER CLEARING HOUSE Grace High Income QA PAY-20251121-EMP-GRACE-HIG,415.38,,227011.79,SUPER,SUPER-PAY-20251121-EMP-GRACE-HIG
099999123453,21/11/2025,SUPER CLEARING HOUSE Ben Builder PAY-20251121-EMP-BEN-BUILDER,140.65,,226871.14,SUPER,SUPER-PAY-20251121-EMP-BEN-BUILDER
099999123453,21/11/2025,SUPER CLEARING HOUSE Amara Engineer PAY-20251121-EMP-AMARA-ENGINEER,207.69,,226663.45,SUPER,SUPER-PAY-20251121-EMP-AMARA-ENGINEER
099999123453,21/11/2025,PAYROLL NET WAGE Nina Sales Representative PAY-20251121-EMP-NINA-SALES,906.90,,225756.55,PAYROLL,PAYNET-PAY-20251121-EMP-NINA-SALES
099999123453,21/11/2025,PAYROLL NET WAGE Grace High Income QA PAY-20251121-EMP-GRACE-HIG,2470.54,,223286.01,PAYROLL,PAYNET-PAY-20251121-EMP-GRACE-HIG
099999123453,21/11/2025,PAYROLL NET WAGE Ben Builder PAY-20251121-EMP-BEN-BUILDER,974.10,,222311.91,PAYROLL,PAYNET-PAY-20251121-EMP-BEN-BUILDER
099999123453,21/11/2025,PAYROLL NET WAGE Amara Engineer PAY-20251121-EMP-AMARA-ENGINEER,1353.77,,220958.14,PAYROLL,PAYNET-PAY-20251121-EMP-AMARA-ENGINEER
099999123453,21/11/2025,PAYG WITHHOLDING REMITTANCE ATO Nina Sales Representative PAY-20251121-EMP-NINA-SALES,165.00,,220793.14,PAYROLL_TAX,PAYG-PAY-20251121-EMP-NINA-SALES
099999123453,21/11/2025,PAYG WITHHOLDING REMITTANCE ATO Grace High Income QA PAY-20251121-EMP-GRACE-HIG,991.00,,219802.14,PAYROLL_TAX,PAYG-PAY-20251121-EMP-GRACE-HIG
099999123453,21/11/2025,PAYG WITHHOLDING REMITTANCE ATO Ben Builder PAY-20251121-EMP-BEN-BUILDER,198.00,,219604.14,PAYROLL_TAX,PAYG-PAY-20251121-EMP-BEN-BUILDER
099999123453,21/11/2025,PAYG WITHHOLDING REMITTANCE ATO Amara Engineer PAY-20251121-EMP-AMARA-ENGINEER,377.00,,219227.14,PAYROLL_TAX,PAYG-PAY-20251121-EMP-AMARA-ENGINEER
099999123453,18/11/2025,DEPOSIT OSKO PAYMENT Project Client C INV-005,,84975.00,227555.80,DEP,BTR-000005
099999123453,16/11/2025,WITHDRAWAL-OSKO PAYMENT Harbour Property Trust RENT-202511,10120.00,,142580.80,PAYMENT,BTP-000017
099999123453,14/11/2025,SUPER CLEARING HOUSE Nina Sales Representative PAY-20251114-EMP-NINA-SALES,128.63,,160919.83,SUPER,SUPER-PAY-20251114-EMP-NINA-SALES
099999123453,14/11/2025,SUPER CLEARING HOUSE Grace High Income QA PAY-20251114-EMP-GRACE-HIG,415.38,,160504.45,SUPER,SUPER-PAY-20251114-EMP-GRACE-HIG
099999123453,14/11/2025,SUPER CLEARING HOUSE Ben Builder PAY-20251114-EMP-BEN-BUILDER,140.65,,160363.80,SUPER,SUPER-PAY-20251114-EMP-BEN-BUILDER
099999123453,14/11/2025,SUPER CLEARING HOUSE Amara Engineer PAY-20251114-EMP-AMARA-ENGINEER,207.69,,160156.11,SUPER,SUPER-PAY-20251114-EMP-AMARA-ENGINEER
099999123453,14/11/2025,PAYROLL NET WAGE Nina Sales Representative PAY-20251114-EMP-NINA-SALES,906.90,,159249.21,PAYROLL,PAYNET-PAY-20251114-EMP-NINA-SALES
099999123453,14/11/2025,PAYROLL NET WAGE Grace High Income QA PAY-20251114-EMP-GRACE-HIG,2470.54,,156778.67,PAYROLL,PAYNET-PAY-20251114-EMP-GRACE-HIG
099999123453,14/11/2025,PAYROLL NET WAGE Ben Builder PAY-20251114-EMP-BEN-BUILDER,987.10,,155791.57,PAYROLL,PAYNET-PAY-20251114-EMP-BEN-BUILDER
099999123453,14/11/2025,PAYROLL NET WAGE Amara Engineer PAY-20251114-EMP-AMARA-ENGINEER,1353.77,,154437.80,PAYROLL,PAYNET-PAY-20251114-EMP-AMARA-ENGINEER
099999123453,14/11/2025,PAYG WITHHOLDING REMITTANCE ATO Nina Sales Representative PAY-20251114-EMP-NINA-SALES,165.00,,154272.80,PAYROLL_TAX,PAYG-PAY-20251114-EMP-NINA-SALES
099999123453,14/11/2025,PAYG WITHHOLDING REMITTANCE ATO Grace High Income QA PAY-20251114-EMP-GRACE-HIG,991.00,,153281.80,PAYROLL_TAX,PAYG-PAY-20251114-EMP-GRACE-HIG
099999123453,14/11/2025,PAYG WITHHOLDING REMITTANCE ATO Ben Builder PAY-20251114-EMP-BEN-BUILDER,204.00,,153077.80,PAYROLL_TAX,PAYG-PAY-20251114-EMP-BEN-BUILDER
099999123453,14/11/2025,PAYG WITHHOLDING REMITTANCE ATO Amara Engineer PAY-20251114-EMP-AMARA-ENGINEER,377.00,,152700.80,PAYROLL_TAX,PAYG-PAY-20251114-EMP-AMARA-ENGINEER
099999123453,07/11/2025,SUPER CLEARING HOUSE Nina Sales Representative PAY-20251107-EMP-NINA-SALES,272.63,,170448.49,SUPER,SUPER-PAY-20251107-EMP-NINA-SALES
099999123453,07/11/2025,SUPER CLEARING HOUSE Grace High Income QA PAY-20251107-EMP-GRACE-HIG,415.38,,170033.11,SUPER,SUPER-PAY-20251107-EMP-GRACE-HIG
099999123453,07/11/2025,SUPER CLEARING HOUSE Ben Builder PAY-20251107-EMP-BEN-BUILDER,140.65,,169892.46,SUPER,SUPER-PAY-20251107-EMP-BEN-BUILDER
099999123453,07/11/2025,SUPER CLEARING HOUSE Amara Engineer PAY-20251107-EMP-AMARA-ENGINEER,207.69,,169684.77,SUPER,SUPER-PAY-20251107-EMP-AMARA-ENGINEER
099999123453,07/11/2025,PAYROLL NET WAGE Nina Sales Representative PAY-20251107-EMP-NINA-SALES,1721.90,,167962.87,PAYROLL,PAYNET-PAY-20251107-EMP-NINA-SALES
099999123453,07/11/2025,PAYROLL NET WAGE Grace High Income QA PAY-20251107-EMP-GRACE-HIG,2470.54,,165492.33,PAYROLL,PAYNET-PAY-20251107-EMP-GRACE-HIG
099999123453,07/11/2025,PAYROLL NET WAGE Ben Builder PAY-20251107-EMP-BEN-BUILDER,974.10,,164518.23,PAYROLL,PAYNET-PAY-20251107-EMP-BEN-BUILDER
099999123453,07/11/2025,PAYROLL NET WAGE Amara Engineer PAY-20251107-EMP-AMARA-ENGINEER,1353.77,,163164.46,PAYROLL,PAYNET-PAY-20251107-EMP-AMARA-ENGINEER
099999123453,07/11/2025,PAYG WITHHOLDING REMITTANCE ATO Nina Sales Representative PAY-20251107-EMP-NINA-SALES,550.00,,162614.46,PAYROLL_TAX,PAYG-PAY-20251107-EMP-NINA-SALES
099999123453,07/11/2025,PAYG WITHHOLDING REMITTANCE ATO Grace High Income QA PAY-20251107-EMP-GRACE-HIG,991.00,,161623.46,PAYROLL_TAX,PAYG-PAY-20251107-EMP-GRACE-HIG
099999123453,07/11/2025,PAYG WITHHOLDING REMITTANCE ATO Ben Builder PAY-20251107-EMP-BEN-BUILDER,198.00,,161425.46,PAYROLL_TAX,PAYG-PAY-20251107-EMP-BEN-BUILDER
099999123453,07/11/2025,PAYG WITHHOLDING REMITTANCE ATO Amara Engineer PAY-20251107-EMP-AMARA-ENGINEER,377.00,,161048.46,PAYROLL_TAX,PAYG-PAY-20251107-EMP-AMARA-ENGINEER
099999123453,03/11/2025,WITHDRAWAL-OSKO PAYMENT Bank BANKFEE-202510,35.00,,170721.12,PAYMENT,BTP-000016
099999123453,31/10/2025,SUPER CLEARING HOUSE Nina Sales Representative PAY-20251031-EMP-NINA-SALES,128.63,,178956.15,SUPER,SUPER-PAY-20251031-EMP-NINA-SALES
099999123453,31/10/2025,SUPER CLEARING HOUSE Grace High Income QA PAY-20251031-EMP-GRACE-HIG,415.38,,178540.77,SUPER,SUPER-PAY-20251031-EMP-GRACE-HIG
099999123453,31/10/2025,SUPER CLEARING HOUSE Ben Builder PAY-20251031-EMP-BEN-BUILDER,140.65,,178400.12,SUPER,SUPER-PAY-20251031-EMP-BEN-BUILDER
099999123453,31/10/2025,SUPER CLEARING HOUSE Amara Engineer PAY-20251031-EMP-AMARA-ENGINEER,207.69,,178192.43,SUPER,SUPER-PAY-20251031-EMP-AMARA-ENGINEER
099999123453,31/10/2025,PAYROLL NET WAGE Nina Sales Representative PAY-20251031-EMP-NINA-SALES,906.90,,177285.53,PAYROLL,PAYNET-PAY-20251031-EMP-NINA-SALES
099999123453,31/10/2025,PAYROLL NET WAGE Grace High Income QA PAY-20251031-EMP-GRACE-HIG,2470.54,,174814.99,PAYROLL,PAYNET-PAY-20251031-EMP-GRACE-HIG
099999123453,31/10/2025,PAYROLL NET WAGE Ben Builder PAY-20251031-EMP-BEN-BUILDER,974.10,,173840.89,PAYROLL,PAYNET-PAY-20251031-EMP-BEN-BUILDER
099999123453,31/10/2025,PAYROLL NET WAGE Amara Engineer PAY-20251031-EMP-AMARA-ENGINEER,1353.77,,172487.12,PAYROLL,PAYNET-PAY-20251031-EMP-AMARA-ENGINEER
099999123453,31/10/2025,PAYG WITHHOLDING REMITTANCE ATO Nina Sales Representative PAY-20251031-EMP-NINA-SALES,165.00,,172322.12,PAYROLL_TAX,PAYG-PAY-20251031-EMP-NINA-SALES
099999123453,31/10/2025,PAYG WITHHOLDING REMITTANCE ATO Grace High Income QA PAY-20251031-EMP-GRACE-HIG,991.00,,171331.12,PAYROLL_TAX,PAYG-PAY-20251031-EMP-GRACE-HIG
099999123453,31/10/2025,PAYG WITHHOLDING REMITTANCE ATO Ben Builder PAY-20251031-EMP-BEN-BUILDER,198.00,,171133.12,PAYROLL_TAX,PAYG-PAY-20251031-EMP-BEN-BUILDER
099999123453,31/10/2025,PAYG WITHHOLDING REMITTANCE ATO Amara Engineer PAY-20251031-EMP-AMARA-ENGINEER,377.00,,170756.12,PAYROLL_TAX,PAYG-PAY-20251031-EMP-AMARA-ENGINEER
099999123453,25/10/2025,WITHDRAWAL-OSKO PAYMENT Liam Surveying Contractors Pty Ltd CONTRACT-202510,3520.00,,179084.78,PAYMENT,BTP-000015
099999123453,24/10/2025,SUPER CLEARING HOUSE Nina Sales Representative PAY-20251024-EMP-NINA-SALES,128.63,,190804.81,SUPER,SUPER-PAY-20251024-EMP-NINA-SALES
099999123453,24/10/2025,SUPER CLEARING HOUSE Grace High Income QA PAY-20251024-EMP-GRACE-HIG,415.38,,190389.43,SUPER,SUPER-PAY-20251024-EMP-GRACE-HIG
099999123453,24/10/2025,SUPER CLEARING HOUSE Ben Builder PAY-20251024-EMP-BEN-BUILDER,140.65,,190248.78,SUPER,SUPER-PAY-20251024-EMP-BEN-BUILDER
099999123453,24/10/2025,SUPER CLEARING HOUSE Amara Engineer PAY-20251024-EMP-AMARA-ENGINEER,207.69,,190041.09,SUPER,SUPER-PAY-20251024-EMP-AMARA-ENGINEER
099999123453,24/10/2025,PAYROLL NET WAGE Nina Sales Representative PAY-20251024-EMP-NINA-SALES,906.90,,189134.19,PAYROLL,PAYNET-PAY-20251024-EMP-NINA-SALES
099999123453,24/10/2025,PAYROLL NET WAGE Grace High Income QA PAY-20251024-EMP-GRACE-HIG,2470.54,,186663.65,PAYROLL,PAYNET-PAY-20251024-EMP-GRACE-HIG
099999123453,24/10/2025,PAYROLL NET WAGE Ben Builder PAY-20251024-EMP-BEN-BUILDER,974.10,,185689.55,PAYROLL,PAYNET-PAY-20251024-EMP-BEN-BUILDER
099999123453,24/10/2025,PAYROLL NET WAGE Amara Engineer PAY-20251024-EMP-AMARA-ENGINEER,1353.77,,184335.78,PAYROLL,PAYNET-PAY-20251024-EMP-AMARA-ENGINEER
099999123453,24/10/2025,PAYG WITHHOLDING REMITTANCE ATO Nina Sales Representative PAY-20251024-EMP-NINA-SALES,165.00,,184170.78,PAYROLL_TAX,PAYG-PAY-20251024-EMP-NINA-SALES
099999123453,24/10/2025,PAYG WITHHOLDING REMITTANCE ATO Grace High Income QA PAY-20251024-EMP-GRACE-HIG,991.00,,183179.78,PAYROLL_TAX,PAYG-PAY-20251024-EMP-GRACE-HIG
099999123453,24/10/2025,PAYG WITHHOLDING REMITTANCE ATO Ben Builder PAY-20251024-EMP-BEN-BUILDER,198.00,,182981.78,PAYROLL_TAX,PAYG-PAY-20251024-EMP-BEN-BUILDER
099999123453,24/10/2025,PAYG WITHHOLDING REMITTANCE ATO Amara Engineer PAY-20251024-EMP-AMARA-ENGINEER,377.00,,182604.78,PAYROLL_TAX,PAYG-PAY-20251024-EMP-AMARA-ENGINEER
099999123453,22/10/2025,WITHDRAWAL-OSKO PAYMENT Cloud Software Vendors SOFT-202510,1595.00,,190933.44,PAYMENT,BTP-000014
099999123453,18/10/2025,DEPOSIT OSKO PAYMENT Project Client B INV-004,,84700.00,192528.44,DEP,BTR-000004
099999123453,17/10/2025,SUPER CLEARING HOUSE Nina Sales Representative PAY-20251017-EMP-NINA-SALES,128.63,,116028.47,SUPER,SUPER-PAY-20251017-EMP-NINA-SALES
099999123453,17/10/2025,SUPER CLEARING HOUSE Grace High Income QA PAY-20251017-EMP-GRACE-HIG,415.38,,115613.09,SUPER,SUPER-PAY-20251017-EMP-GRACE-HIG
099999123453,17/10/2025,SUPER CLEARING HOUSE Ben Builder PAY-20251017-EMP-BEN-BUILDER,140.65,,115472.44,SUPER,SUPER-PAY-20251017-EMP-BEN-BUILDER
099999123453,17/10/2025,SUPER CLEARING HOUSE Amara Engineer PAY-20251017-EMP-AMARA-ENGINEER,207.69,,115264.75,SUPER,SUPER-PAY-20251017-EMP-AMARA-ENGINEER
099999123453,17/10/2025,PAYROLL NET WAGE Nina Sales Representative PAY-20251017-EMP-NINA-SALES,906.90,,114357.85,PAYROLL,PAYNET-PAY-20251017-EMP-NINA-SALES
099999123453,17/10/2025,PAYROLL NET WAGE Grace High Income QA PAY-20251017-EMP-GRACE-HIG,2470.54,,111887.31,PAYROLL,PAYNET-PAY-20251017-EMP-GRACE-HIG
099999123453,17/10/2025,PAYROLL NET WAGE Ben Builder PAY-20251017-EMP-BEN-BUILDER,974.10,,110913.21,PAYROLL,PAYNET-PAY-20251017-EMP-BEN-BUILDER
099999123453,17/10/2025,PAYROLL NET WAGE Amara Engineer PAY-20251017-EMP-AMARA-ENGINEER,1353.77,,109559.44,PAYROLL,PAYNET-PAY-20251017-EMP-AMARA-ENGINEER
099999123453,17/10/2025,PAYG WITHHOLDING REMITTANCE ATO Nina Sales Representative PAY-20251017-EMP-NINA-SALES,165.00,,109394.44,PAYROLL_TAX,PAYG-PAY-20251017-EMP-NINA-SALES
099999123453,17/10/2025,PAYG WITHHOLDING REMITTANCE ATO Grace High Income QA PAY-20251017-EMP-GRACE-HIG,991.00,,108403.44,PAYROLL_TAX,PAYG-PAY-20251017-EMP-GRACE-HIG
099999123453,17/10/2025,PAYG WITHHOLDING REMITTANCE ATO Ben Builder PAY-20251017-EMP-BEN-BUILDER,198.00,,108205.44,PAYROLL_TAX,PAYG-PAY-20251017-EMP-BEN-BUILDER
099999123453,17/10/2025,PAYG WITHHOLDING REMITTANCE ATO Amara Engineer PAY-20251017-EMP-AMARA-ENGINEER,377.00,,107828.44,PAYROLL_TAX,PAYG-PAY-20251017-EMP-AMARA-ENGINEER
099999123453,16/10/2025,WITHDRAWAL-OSKO PAYMENT Harbour Property Trust RENT-202510,10120.00,,116157.10,PAYMENT,BTP-000013
099999123453,10/10/2025,SUPER CLEARING HOUSE Nina Sales Representative PAY-20251010-EMP-NINA-SALES,128.63,,134496.13,SUPER,SUPER-PAY-20251010-EMP-NINA-SALES
099999123453,10/10/2025,SUPER CLEARING HOUSE Grace High Income QA PAY-20251010-EMP-GRACE-HIG,415.38,,134080.75,SUPER,SUPER-PAY-20251010-EMP-GRACE-HIG
099999123453,10/10/2025,SUPER CLEARING HOUSE Ben Builder PAY-20251010-EMP-BEN-BUILDER,140.65,,133940.10,SUPER,SUPER-PAY-20251010-EMP-BEN-BUILDER
099999123453,10/10/2025,SUPER CLEARING HOUSE Amara Engineer PAY-20251010-EMP-AMARA-ENGINEER,207.69,,133732.41,SUPER,SUPER-PAY-20251010-EMP-AMARA-ENGINEER
099999123453,10/10/2025,PAYROLL NET WAGE Nina Sales Representative PAY-20251010-EMP-NINA-SALES,906.90,,132825.51,PAYROLL,PAYNET-PAY-20251010-EMP-NINA-SALES
099999123453,10/10/2025,PAYROLL NET WAGE Grace High Income QA PAY-20251010-EMP-GRACE-HIG,2470.54,,130354.97,PAYROLL,PAYNET-PAY-20251010-EMP-GRACE-HIG
099999123453,10/10/2025,PAYROLL NET WAGE Ben Builder PAY-20251010-EMP-BEN-BUILDER,987.10,,129367.87,PAYROLL,PAYNET-PAY-20251010-EMP-BEN-BUILDER
099999123453,10/10/2025,PAYROLL NET WAGE Amara Engineer PAY-20251010-EMP-AMARA-ENGINEER,1353.77,,128014.10,PAYROLL,PAYNET-PAY-20251010-EMP-AMARA-ENGINEER
099999123453,10/10/2025,PAYG WITHHOLDING REMITTANCE ATO Nina Sales Representative PAY-20251010-EMP-NINA-SALES,165.00,,127849.10,PAYROLL_TAX,PAYG-PAY-20251010-EMP-NINA-SALES
099999123453,10/10/2025,PAYG WITHHOLDING REMITTANCE ATO Grace High Income QA PAY-20251010-EMP-GRACE-HIG,991.00,,126858.10,PAYROLL_TAX,PAYG-PAY-20251010-EMP-GRACE-HIG
099999123453,10/10/2025,PAYG WITHHOLDING REMITTANCE ATO Ben Builder PAY-20251010-EMP-BEN-BUILDER,204.00,,126654.10,PAYROLL_TAX,PAYG-PAY-20251010-EMP-BEN-BUILDER
099999123453,10/10/2025,PAYG WITHHOLDING REMITTANCE ATO Amara Engineer PAY-20251010-EMP-AMARA-ENGINEER,377.00,,126277.10,PAYROLL_TAX,PAYG-PAY-20251010-EMP-AMARA-ENGINEER
099999123453,04/10/2025,WITHDRAWAL-OSKO PAYMENT Bank BANKFEE-202509,35.00,,134624.76,PAYMENT,BTP-000012
099999123453,03/10/2025,SUPER CLEARING HOUSE Nina Sales Representative PAY-20251003-EMP-NINA-SALES,272.63,,144059.79,SUPER,SUPER-PAY-20251003-EMP-NINA-SALES
099999123453,03/10/2025,SUPER CLEARING HOUSE Grace High Income QA PAY-20251003-EMP-GRACE-HIG,415.38,,143644.41,SUPER,SUPER-PAY-20251003-EMP-GRACE-HIG
099999123453,03/10/2025,SUPER CLEARING HOUSE Ben Builder PAY-20251003-EMP-BEN-BUILDER,140.65,,143503.76,SUPER,SUPER-PAY-20251003-EMP-BEN-BUILDER
099999123453,03/10/2025,SUPER CLEARING HOUSE Amara Engineer PAY-20251003-EMP-AMARA-ENGINEER,207.69,,143296.07,SUPER,SUPER-PAY-20251003-EMP-AMARA-ENGINEER
099999123453,03/10/2025,PAYROLL NET WAGE Nina Sales Representative PAY-20251003-EMP-NINA-SALES,1721.90,,141574.17,PAYROLL,PAYNET-PAY-20251003-EMP-NINA-SALES
099999123453,03/10/2025,PAYROLL NET WAGE Grace High Income QA PAY-20251003-EMP-GRACE-HIG,2470.54,,139103.63,PAYROLL,PAYNET-PAY-20251003-EMP-GRACE-HIG
099999123453,03/10/2025,PAYROLL NET WAGE Ben Builder PAY-20251003-EMP-BEN-BUILDER,974.10,,138129.53,PAYROLL,PAYNET-PAY-20251003-EMP-BEN-BUILDER
099999123453,03/10/2025,PAYROLL NET WAGE Amara Engineer PAY-20251003-EMP-AMARA-ENGINEER,1353.77,,136775.76,PAYROLL,PAYNET-PAY-20251003-EMP-AMARA-ENGINEER
099999123453,03/10/2025,PAYG WITHHOLDING REMITTANCE ATO Nina Sales Representative PAY-20251003-EMP-NINA-SALES,550.00,,136225.76,PAYROLL_TAX,PAYG-PAY-20251003-EMP-NINA-SALES
099999123453,03/10/2025,PAYG WITHHOLDING REMITTANCE ATO Grace High Income QA PAY-20251003-EMP-GRACE-HIG,991.00,,135234.76,PAYROLL_TAX,PAYG-PAY-20251003-EMP-GRACE-HIG
099999123453,03/10/2025,PAYG WITHHOLDING REMITTANCE ATO Ben Builder PAY-20251003-EMP-BEN-BUILDER,198.00,,135036.76,PAYROLL_TAX,PAYG-PAY-20251003-EMP-BEN-BUILDER
099999123453,03/10/2025,PAYG WITHHOLDING REMITTANCE ATO Amara Engineer PAY-20251003-EMP-AMARA-ENGINEER,377.00,,134659.76,PAYROLL_TAX,PAYG-PAY-20251003-EMP-AMARA-ENGINEER
099999123453,26/09/2025,SUPER CLEARING HOUSE Nina Sales Representative PAY-20250926-EMP-NINA-SALES,128.63,,152532.45,SUPER,SUPER-PAY-20250926-EMP-NINA-SALES
099999123453,26/09/2025,SUPER CLEARING HOUSE Grace High Income QA PAY-20250926-EMP-GRACE-HIG,415.38,,152117.07,SUPER,SUPER-PAY-20250926-EMP-GRACE-HIG
099999123453,26/09/2025,SUPER CLEARING HOUSE Ben Builder PAY-20250926-EMP-BEN-BUILDER,140.65,,151976.42,SUPER,SUPER-PAY-20250926-EMP-BEN-BUILDER
099999123453,26/09/2025,SUPER CLEARING HOUSE Amara Engineer PAY-20250926-EMP-AMARA-ENGINEER,207.69,,151768.73,SUPER,SUPER-PAY-20250926-EMP-AMARA-ENGINEER
099999123453,26/09/2025,PAYROLL NET WAGE Nina Sales Representative PAY-20250926-EMP-NINA-SALES,906.90,,150861.83,PAYROLL,PAYNET-PAY-20250926-EMP-NINA-SALES
099999123453,26/09/2025,PAYROLL NET WAGE Grace High Income QA PAY-20250926-EMP-GRACE-HIG,2470.54,,148391.29,PAYROLL,PAYNET-PAY-20250926-EMP-GRACE-HIG
099999123453,26/09/2025,PAYROLL NET WAGE Ben Builder PAY-20250926-EMP-BEN-BUILDER,974.10,,147417.19,PAYROLL,PAYNET-PAY-20250926-EMP-BEN-BUILDER
099999123453,26/09/2025,PAYROLL NET WAGE Amara Engineer PAY-20250926-EMP-AMARA-ENGINEER,1353.77,,146063.42,PAYROLL,PAYNET-PAY-20250926-EMP-AMARA-ENGINEER
099999123453,26/09/2025,PAYG WITHHOLDING REMITTANCE ATO Nina Sales Representative PAY-20250926-EMP-NINA-SALES,165.00,,145898.42,PAYROLL_TAX,PAYG-PAY-20250926-EMP-NINA-SALES
099999123453,26/09/2025,PAYG WITHHOLDING REMITTANCE ATO Grace High Income QA PAY-20250926-EMP-GRACE-HIG,991.00,,144907.42,PAYROLL_TAX,PAYG-PAY-20250926-EMP-GRACE-HIG
099999123453,26/09/2025,PAYG WITHHOLDING REMITTANCE ATO Ben Builder PAY-20250926-EMP-BEN-BUILDER,198.00,,144709.42,PAYROLL_TAX,PAYG-PAY-20250926-EMP-BEN-BUILDER
099999123453,26/09/2025,PAYG WITHHOLDING REMITTANCE ATO Amara Engineer PAY-20250926-EMP-AMARA-ENGINEER,377.00,,144332.42,PAYROLL_TAX,PAYG-PAY-20250926-EMP-AMARA-ENGINEER
099999123453,25/09/2025,WITHDRAWAL-OSKO PAYMENT Liam Surveying Contractors Pty Ltd CONTRACT-202509,3520.00,,152661.08,PAYMENT,BTP-000011
099999123453,22/09/2025,WITHDRAWAL-OSKO PAYMENT Cloud Software Vendors SOFT-202509,1595.00,,156181.08,PAYMENT,BTP-000010
099999123453,19/09/2025,SUPER CLEARING HOUSE Nina Sales Representative PAY-20250919-EMP-NINA-SALES,128.63,,165976.11,SUPER,SUPER-PAY-20250919-EMP-NINA-SALES
099999123453,19/09/2025,SUPER CLEARING HOUSE Grace High Income QA PAY-20250919-EMP-GRACE-HIG,415.38,,165560.73,SUPER,SUPER-PAY-20250919-EMP-GRACE-HIG
099999123453,19/09/2025,SUPER CLEARING HOUSE Ben Builder PAY-20250919-EMP-BEN-BUILDER,140.65,,165420.08,SUPER,SUPER-PAY-20250919-EMP-BEN-BUILDER
099999123453,19/09/2025,SUPER CLEARING HOUSE Amara Engineer PAY-20250919-EMP-AMARA-ENGINEER,207.69,,165212.39,SUPER,SUPER-PAY-20250919-EMP-AMARA-ENGINEER
099999123453,19/09/2025,PAYROLL NET WAGE Nina Sales Representative PAY-20250919-EMP-NINA-SALES,906.90,,164305.49,PAYROLL,PAYNET-PAY-20250919-EMP-NINA-SALES
099999123453,19/09/2025,PAYROLL NET WAGE Grace High Income QA PAY-20250919-EMP-GRACE-HIG,2470.54,,161834.95,PAYROLL,PAYNET-PAY-20250919-EMP-GRACE-HIG
099999123453,19/09/2025,PAYROLL NET WAGE Ben Builder PAY-20250919-EMP-BEN-BUILDER,974.10,,160860.85,PAYROLL,PAYNET-PAY-20250919-EMP-BEN-BUILDER
099999123453,19/09/2025,PAYROLL NET WAGE Amara Engineer PAY-20250919-EMP-AMARA-ENGINEER,1353.77,,159507.08,PAYROLL,PAYNET-PAY-20250919-EMP-AMARA-ENGINEER
099999123453,19/09/2025,PAYG WITHHOLDING REMITTANCE ATO Nina Sales Representative PAY-20250919-EMP-NINA-SALES,165.00,,159342.08,PAYROLL_TAX,PAYG-PAY-20250919-EMP-NINA-SALES
099999123453,19/09/2025,PAYG WITHHOLDING REMITTANCE ATO Grace High Income QA PAY-20250919-EMP-GRACE-HIG,991.00,,158351.08,PAYROLL_TAX,PAYG-PAY-20250919-EMP-GRACE-HIG
099999123453,19/09/2025,PAYG WITHHOLDING REMITTANCE ATO Ben Builder PAY-20250919-EMP-BEN-BUILDER,198.00,,158153.08,PAYROLL_TAX,PAYG-PAY-20250919-EMP-BEN-BUILDER
099999123453,19/09/2025,PAYG WITHHOLDING REMITTANCE ATO Amara Engineer PAY-20250919-EMP-AMARA-ENGINEER,377.00,,157776.08,PAYROLL_TAX,PAYG-PAY-20250919-EMP-AMARA-ENGINEER
099999123453,18/09/2025,DEPOSIT OSKO PAYMENT Project Client A INV-003,,84425.00,166104.74,DEP,BTR-000003
099999123453,16/09/2025,WITHDRAWAL-OSKO PAYMENT Harbour Property Trust RENT-202509,10120.00,,81679.74,PAYMENT,BTP-000009
099999123453,12/09/2025,SUPER CLEARING HOUSE Nina Sales Representative PAY-20250912-EMP-NINA-SALES,128.63,,99999.77,SUPER,SUPER-PAY-20250912-EMP-NINA-SALES
099999123453,12/09/2025,SUPER CLEARING HOUSE Grace High Income QA PAY-20250912-EMP-GRACE-HIG,415.38,,99584.39,SUPER,SUPER-PAY-20250912-EMP-GRACE-HIG
099999123453,12/09/2025,SUPER CLEARING HOUSE Ben Builder PAY-20250912-EMP-BEN-BUILDER,140.65,,99443.74,SUPER,SUPER-PAY-20250912-EMP-BEN-BUILDER
099999123453,12/09/2025,SUPER CLEARING HOUSE Amara Engineer PAY-20250912-EMP-AMARA-ENGINEER,207.69,,99236.05,SUPER,SUPER-PAY-20250912-EMP-AMARA-ENGINEER
099999123453,12/09/2025,PAYROLL NET WAGE Nina Sales Representative PAY-20250912-EMP-NINA-SALES,906.90,,98329.15,PAYROLL,PAYNET-PAY-20250912-EMP-NINA-SALES
099999123453,12/09/2025,PAYROLL NET WAGE Grace High Income QA PAY-20250912-EMP-GRACE-HIG,2470.54,,95858.61,PAYROLL,PAYNET-PAY-20250912-EMP-GRACE-HIG
099999123453,12/09/2025,PAYROLL NET WAGE Ben Builder PAY-20250912-EMP-BEN-BUILDER,974.10,,94884.51,PAYROLL,PAYNET-PAY-20250912-EMP-BEN-BUILDER
099999123453,12/09/2025,PAYROLL NET WAGE Amara Engineer PAY-20250912-EMP-AMARA-ENGINEER,1353.77,,93530.74,PAYROLL,PAYNET-PAY-20250912-EMP-AMARA-ENGINEER
099999123453,12/09/2025,PAYG WITHHOLDING REMITTANCE ATO Nina Sales Representative PAY-20250912-EMP-NINA-SALES,165.00,,93365.74,PAYROLL_TAX,PAYG-PAY-20250912-EMP-NINA-SALES
099999123453,12/09/2025,PAYG WITHHOLDING REMITTANCE ATO Grace High Income QA PAY-20250912-EMP-GRACE-HIG,991.00,,92374.74,PAYROLL_TAX,PAYG-PAY-20250912-EMP-GRACE-HIG
099999123453,12/09/2025,PAYG WITHHOLDING REMITTANCE ATO Ben Builder PAY-20250912-EMP-BEN-BUILDER,198.00,,92176.74,PAYROLL_TAX,PAYG-PAY-20250912-EMP-BEN-BUILDER
099999123453,12/09/2025,PAYG WITHHOLDING REMITTANCE ATO Amara Engineer PAY-20250912-EMP-AMARA-ENGINEER,377.00,,91799.74,PAYROLL_TAX,PAYG-PAY-20250912-EMP-AMARA-ENGINEER
099999123453,05/09/2025,SUPER CLEARING HOUSE Nina Sales Representative PAY-20250905-EMP-NINA-SALES,272.63,,109547.43,SUPER,SUPER-PAY-20250905-EMP-NINA-SALES
099999123453,05/09/2025,SUPER CLEARING HOUSE Grace High Income QA PAY-20250905-EMP-GRACE-HIG,415.38,,109132.05,SUPER,SUPER-PAY-20250905-EMP-GRACE-HIG
099999123453,05/09/2025,SUPER CLEARING HOUSE Ben Builder PAY-20250905-EMP-BEN-BUILDER,140.65,,108991.40,SUPER,SUPER-PAY-20250905-EMP-BEN-BUILDER
099999123453,05/09/2025,SUPER CLEARING HOUSE Amara Engineer PAY-20250905-EMP-AMARA-ENGINEER,207.69,,108783.71,SUPER,SUPER-PAY-20250905-EMP-AMARA-ENGINEER
099999123453,05/09/2025,PAYROLL NET WAGE Nina Sales Representative PAY-20250905-EMP-NINA-SALES,1721.90,,107061.81,PAYROLL,PAYNET-PAY-20250905-EMP-NINA-SALES
099999123453,05/09/2025,PAYROLL NET WAGE Grace High Income QA PAY-20250905-EMP-GRACE-HIG,2470.54,,104591.27,PAYROLL,PAYNET-PAY-20250905-EMP-GRACE-HIG
099999123453,05/09/2025,PAYROLL NET WAGE Ben Builder PAY-20250905-EMP-BEN-BUILDER,987.10,,103604.17,PAYROLL,PAYNET-PAY-20250905-EMP-BEN-BUILDER
099999123453,05/09/2025,PAYROLL NET WAGE Amara Engineer PAY-20250905-EMP-AMARA-ENGINEER,1353.77,,102250.40,PAYROLL,PAYNET-PAY-20250905-EMP-AMARA-ENGINEER
099999123453,05/09/2025,PAYG WITHHOLDING REMITTANCE ATO Nina Sales Representative PAY-20250905-EMP-NINA-SALES,550.00,,101700.40,PAYROLL_TAX,PAYG-PAY-20250905-EMP-NINA-SALES
099999123453,05/09/2025,PAYG WITHHOLDING REMITTANCE ATO Grace High Income QA PAY-20250905-EMP-GRACE-HIG,991.00,,100709.40,PAYROLL_TAX,PAYG-PAY-20250905-EMP-GRACE-HIG
099999123453,05/09/2025,PAYG WITHHOLDING REMITTANCE ATO Ben Builder PAY-20250905-EMP-BEN-BUILDER,204.00,,100505.40,PAYROLL_TAX,PAYG-PAY-20250905-EMP-BEN-BUILDER
099999123453,05/09/2025,PAYG WITHHOLDING REMITTANCE ATO Amara Engineer PAY-20250905-EMP-AMARA-ENGINEER,377.00,,100128.40,PAYROLL_TAX,PAYG-PAY-20250905-EMP-AMARA-ENGINEER
099999123453,03/09/2025,WITHDRAWAL-OSKO PAYMENT Bank BANKFEE-202508,35.00,,109820.06,PAYMENT,BTP-000008
099999123453,29/08/2025,SUPER CLEARING HOUSE Nina Sales Representative PAY-20250829-EMP-NINA-SALES,128.63,,118055.09,SUPER,SUPER-PAY-20250829-EMP-NINA-SALES
099999123453,29/08/2025,SUPER CLEARING HOUSE Grace High Income QA PAY-20250829-EMP-GRACE-HIG,415.38,,117639.71,SUPER,SUPER-PAY-20250829-EMP-GRACE-HIG
099999123453,29/08/2025,SUPER CLEARING HOUSE Ben Builder PAY-20250829-EMP-BEN-BUILDER,140.65,,117499.06,SUPER,SUPER-PAY-20250829-EMP-BEN-BUILDER
099999123453,29/08/2025,SUPER CLEARING HOUSE Amara Engineer PAY-20250829-EMP-AMARA-ENGINEER,207.69,,117291.37,SUPER,SUPER-PAY-20250829-EMP-AMARA-ENGINEER
099999123453,29/08/2025,PAYROLL NET WAGE Nina Sales Representative PAY-20250829-EMP-NINA-SALES,906.90,,116384.47,PAYROLL,PAYNET-PAY-20250829-EMP-NINA-SALES
099999123453,29/08/2025,PAYROLL NET WAGE Grace High Income QA PAY-20250829-EMP-GRACE-HIG,2470.54,,113913.93,PAYROLL,PAYNET-PAY-20250829-EMP-GRACE-HIG
099999123453,29/08/2025,PAYROLL NET WAGE Ben Builder PAY-20250829-EMP-BEN-BUILDER,974.10,,112939.83,PAYROLL,PAYNET-PAY-20250829-EMP-BEN-BUILDER
099999123453,29/08/2025,PAYROLL NET WAGE Amara Engineer PAY-20250829-EMP-AMARA-ENGINEER,1353.77,,111586.06,PAYROLL,PAYNET-PAY-20250829-EMP-AMARA-ENGINEER
099999123453,29/08/2025,PAYG WITHHOLDING REMITTANCE ATO Nina Sales Representative PAY-20250829-EMP-NINA-SALES,165.00,,111421.06,PAYROLL_TAX,PAYG-PAY-20250829-EMP-NINA-SALES
099999123453,29/08/2025,PAYG WITHHOLDING REMITTANCE ATO Grace High Income QA PAY-20250829-EMP-GRACE-HIG,991.00,,110430.06,PAYROLL_TAX,PAYG-PAY-20250829-EMP-GRACE-HIG
099999123453,29/08/2025,PAYG WITHHOLDING REMITTANCE ATO Ben Builder PAY-20250829-EMP-BEN-BUILDER,198.00,,110232.06,PAYROLL_TAX,PAYG-PAY-20250829-EMP-BEN-BUILDER
099999123453,29/08/2025,PAYG WITHHOLDING REMITTANCE ATO Amara Engineer PAY-20250829-EMP-AMARA-ENGINEER,377.00,,109855.06,PAYROLL_TAX,PAYG-PAY-20250829-EMP-AMARA-ENGINEER
099999123453,25/08/2025,WITHDRAWAL-OSKO PAYMENT Liam Surveying Contractors Pty Ltd CONTRACT-202508,3520.00,,118183.72,PAYMENT,BTP-000007
099999123453,22/08/2025,SUPER CLEARING HOUSE Nina Sales Representative PAY-20250822-EMP-NINA-SALES,128.63,,131498.75,SUPER,SUPER-PAY-20250822-EMP-NINA-SALES
099999123453,22/08/2025,SUPER CLEARING HOUSE Grace High Income QA PAY-20250822-EMP-GRACE-HIG,415.38,,131083.37,SUPER,SUPER-PAY-20250822-EMP-GRACE-HIG
099999123453,22/08/2025,SUPER CLEARING HOUSE Ben Builder PAY-20250822-EMP-BEN-BUILDER,140.65,,130942.72,SUPER,SUPER-PAY-20250822-EMP-BEN-BUILDER
099999123453,22/08/2025,SUPER CLEARING HOUSE Amara Engineer PAY-20250822-EMP-AMARA-ENGINEER,207.69,,130735.03,SUPER,SUPER-PAY-20250822-EMP-AMARA-ENGINEER
099999123453,22/08/2025,PAYROLL NET WAGE Nina Sales Representative PAY-20250822-EMP-NINA-SALES,906.90,,129828.13,PAYROLL,PAYNET-PAY-20250822-EMP-NINA-SALES
099999123453,22/08/2025,PAYROLL NET WAGE Grace High Income QA PAY-20250822-EMP-GRACE-HIG,2470.54,,127357.59,PAYROLL,PAYNET-PAY-20250822-EMP-GRACE-HIG
099999123453,22/08/2025,PAYROLL NET WAGE Ben Builder PAY-20250822-EMP-BEN-BUILDER,974.10,,126383.49,PAYROLL,PAYNET-PAY-20250822-EMP-BEN-BUILDER
099999123453,22/08/2025,PAYROLL NET WAGE Amara Engineer PAY-20250822-EMP-AMARA-ENGINEER,1353.77,,125029.72,PAYROLL,PAYNET-PAY-20250822-EMP-AMARA-ENGINEER
099999123453,22/08/2025,PAYG WITHHOLDING REMITTANCE ATO Nina Sales Representative PAY-20250822-EMP-NINA-SALES,165.00,,124864.72,PAYROLL_TAX,PAYG-PAY-20250822-EMP-NINA-SALES
099999123453,22/08/2025,PAYG WITHHOLDING REMITTANCE ATO Grace High Income QA PAY-20250822-EMP-GRACE-HIG,991.00,,123873.72,PAYROLL_TAX,PAYG-PAY-20250822-EMP-GRACE-HIG
099999123453,22/08/2025,PAYG WITHHOLDING REMITTANCE ATO Ben Builder PAY-20250822-EMP-BEN-BUILDER,198.00,,123675.72,PAYROLL_TAX,PAYG-PAY-20250822-EMP-BEN-BUILDER
099999123453,22/08/2025,PAYG WITHHOLDING REMITTANCE ATO Amara Engineer PAY-20250822-EMP-AMARA-ENGINEER,377.00,,123298.72,PAYROLL_TAX,PAYG-PAY-20250822-EMP-AMARA-ENGINEER
099999123453,22/08/2025,WITHDRAWAL-OSKO PAYMENT Cloud Software Vendors SOFT-202508,1595.00,,121703.72,PAYMENT,BTP-000006
099999123453,18/08/2025,DEPOSIT OSKO PAYMENT Project Client C INV-002,,84150.00,131627.38,DEP,BTR-000002
099999123453,16/08/2025,WITHDRAWAL-OSKO PAYMENT Harbour Property Trust RENT-202508,10120.00,,47477.38,PAYMENT,BTP-000005
099999123453,15/08/2025,SUPER CLEARING HOUSE Nina Sales Representative PAY-20250815-EMP-NINA-SALES,128.63,,65797.41,SUPER,SUPER-PAY-20250815-EMP-NINA-SALES
099999123453,15/08/2025,SUPER CLEARING HOUSE Grace High Income QA PAY-20250815-EMP-GRACE-HIG,415.38,,65382.03,SUPER,SUPER-PAY-20250815-EMP-GRACE-HIG
099999123453,15/08/2025,SUPER CLEARING HOUSE Ben Builder PAY-20250815-EMP-BEN-BUILDER,140.65,,65241.38,SUPER,SUPER-PAY-20250815-EMP-BEN-BUILDER
099999123453,15/08/2025,SUPER CLEARING HOUSE Amara Engineer PAY-20250815-EMP-AMARA-ENGINEER,207.69,,65033.69,SUPER,SUPER-PAY-20250815-EMP-AMARA-ENGINEER
099999123453,15/08/2025,PAYROLL NET WAGE Nina Sales Representative PAY-20250815-EMP-NINA-SALES,906.90,,64126.79,PAYROLL,PAYNET-PAY-20250815-EMP-NINA-SALES
099999123453,15/08/2025,PAYROLL NET WAGE Grace High Income QA PAY-20250815-EMP-GRACE-HIG,2470.54,,61656.25,PAYROLL,PAYNET-PAY-20250815-EMP-GRACE-HIG
099999123453,15/08/2025,PAYROLL NET WAGE Ben Builder PAY-20250815-EMP-BEN-BUILDER,974.10,,60682.15,PAYROLL,PAYNET-PAY-20250815-EMP-BEN-BUILDER
099999123453,15/08/2025,PAYROLL NET WAGE Amara Engineer PAY-20250815-EMP-AMARA-ENGINEER,1353.77,,59328.38,PAYROLL,PAYNET-PAY-20250815-EMP-AMARA-ENGINEER
099999123453,15/08/2025,PAYG WITHHOLDING REMITTANCE ATO Nina Sales Representative PAY-20250815-EMP-NINA-SALES,165.00,,59163.38,PAYROLL_TAX,PAYG-PAY-20250815-EMP-NINA-SALES
099999123453,15/08/2025,PAYG WITHHOLDING REMITTANCE ATO Grace High Income QA PAY-20250815-EMP-GRACE-HIG,991.00,,58172.38,PAYROLL_TAX,PAYG-PAY-20250815-EMP-GRACE-HIG
099999123453,15/08/2025,PAYG WITHHOLDING REMITTANCE ATO Ben Builder PAY-20250815-EMP-BEN-BUILDER,198.00,,57974.38,PAYROLL_TAX,PAYG-PAY-20250815-EMP-BEN-BUILDER
099999123453,15/08/2025,PAYG WITHHOLDING REMITTANCE ATO Amara Engineer PAY-20250815-EMP-AMARA-ENGINEER,377.00,,57597.38,PAYROLL_TAX,PAYG-PAY-20250815-EMP-AMARA-ENGINEER
099999123453,08/08/2025,SUPER CLEARING HOUSE Nina Sales Representative PAY-20250808-EMP-NINA-SALES,128.63,,74126.07,SUPER,SUPER-PAY-20250808-EMP-NINA-SALES
099999123453,08/08/2025,SUPER CLEARING HOUSE Grace High Income QA PAY-20250808-EMP-GRACE-HIG,415.38,,73710.69,SUPER,SUPER-PAY-20250808-EMP-GRACE-HIG
099999123453,08/08/2025,SUPER CLEARING HOUSE Ben Builder PAY-20250808-EMP-BEN-BUILDER,140.65,,73570.04,SUPER,SUPER-PAY-20250808-EMP-BEN-BUILDER
099999123453,08/08/2025,SUPER CLEARING HOUSE Amara Engineer PAY-20250808-EMP-AMARA-ENGINEER,207.69,,73362.35,SUPER,SUPER-PAY-20250808-EMP-AMARA-ENGINEER
099999123453,08/08/2025,PAYROLL NET WAGE Nina Sales Representative PAY-20250808-EMP-NINA-SALES,906.90,,72455.45,PAYROLL,PAYNET-PAY-20250808-EMP-NINA-SALES
099999123453,08/08/2025,PAYROLL NET WAGE Grace High Income QA PAY-20250808-EMP-GRACE-HIG,2470.54,,69984.91,PAYROLL,PAYNET-PAY-20250808-EMP-GRACE-HIG
099999123453,08/08/2025,PAYROLL NET WAGE Ben Builder PAY-20250808-EMP-BEN-BUILDER,974.10,,69010.81,PAYROLL,PAYNET-PAY-20250808-EMP-BEN-BUILDER
099999123453,08/08/2025,PAYROLL NET WAGE Amara Engineer PAY-20250808-EMP-AMARA-ENGINEER,1353.77,,67657.04,PAYROLL,PAYNET-PAY-20250808-EMP-AMARA-ENGINEER
099999123453,08/08/2025,PAYG WITHHOLDING REMITTANCE ATO Nina Sales Representative PAY-20250808-EMP-NINA-SALES,165.00,,67492.04,PAYROLL_TAX,PAYG-PAY-20250808-EMP-NINA-SALES
099999123453,08/08/2025,PAYG WITHHOLDING REMITTANCE ATO Grace High Income QA PAY-20250808-EMP-GRACE-HIG,991.00,,66501.04,PAYROLL_TAX,PAYG-PAY-20250808-EMP-GRACE-HIG
099999123453,08/08/2025,PAYG WITHHOLDING REMITTANCE ATO Ben Builder PAY-20250808-EMP-BEN-BUILDER,198.00,,66303.04,PAYROLL_TAX,PAYG-PAY-20250808-EMP-BEN-BUILDER
099999123453,08/08/2025,PAYG WITHHOLDING REMITTANCE ATO Amara Engineer PAY-20250808-EMP-AMARA-ENGINEER,377.00,,65926.04,PAYROLL_TAX,PAYG-PAY-20250808-EMP-AMARA-ENGINEER
099999123453,03/08/2025,WITHDRAWAL-OSKO PAYMENT Bank BANKFEE-202507,35.00,,74254.70,PAYMENT,BTP-000004
099999123453,01/08/2025,SUPER CLEARING HOUSE Nina Sales Representative PAY-20250801-EMP-NINA-SALES,272.63,,83708.73,SUPER,SUPER-PAY-20250801-EMP-NINA-SALES
099999123453,01/08/2025,SUPER CLEARING HOUSE Grace High Income QA PAY-20250801-EMP-GRACE-HIG,415.38,,83293.35,SUPER,SUPER-PAY-20250801-EMP-GRACE-HIG
099999123453,01/08/2025,SUPER CLEARING HOUSE Ben Builder PAY-20250801-EMP-BEN-BUILDER,140.65,,83152.70,SUPER,SUPER-PAY-20250801-EMP-BEN-BUILDER
099999123453,01/08/2025,SUPER CLEARING HOUSE Amara Engineer PAY-20250801-EMP-AMARA-ENGINEER,207.69,,82945.01,SUPER,SUPER-PAY-20250801-EMP-AMARA-ENGINEER
099999123453,01/08/2025,PAYROLL NET WAGE Nina Sales Representative PAY-20250801-EMP-NINA-SALES,1721.90,,81223.11,PAYROLL,PAYNET-PAY-20250801-EMP-NINA-SALES
099999123453,01/08/2025,PAYROLL NET WAGE Grace High Income QA PAY-20250801-EMP-GRACE-HIG,2470.54,,78752.57,PAYROLL,PAYNET-PAY-20250801-EMP-GRACE-HIG
099999123453,01/08/2025,PAYROLL NET WAGE Ben Builder PAY-20250801-EMP-BEN-BUILDER,987.10,,77765.47,PAYROLL,PAYNET-PAY-20250801-EMP-BEN-BUILDER
099999123453,01/08/2025,PAYROLL NET WAGE Amara Engineer PAY-20250801-EMP-AMARA-ENGINEER,1353.77,,76411.70,PAYROLL,PAYNET-PAY-20250801-EMP-AMARA-ENGINEER
099999123453,01/08/2025,PAYG WITHHOLDING REMITTANCE ATO Nina Sales Representative PAY-20250801-EMP-NINA-SALES,550.00,,75861.70,PAYROLL_TAX,PAYG-PAY-20250801-EMP-NINA-SALES
099999123453,01/08/2025,PAYG WITHHOLDING REMITTANCE ATO Grace High Income QA PAY-20250801-EMP-GRACE-HIG,991.00,,74870.70,PAYROLL_TAX,PAYG-PAY-20250801-EMP-GRACE-HIG
099999123453,01/08/2025,PAYG WITHHOLDING REMITTANCE ATO Ben Builder PAY-20250801-EMP-BEN-BUILDER,204.00,,74666.70,PAYROLL_TAX,PAYG-PAY-20250801-EMP-BEN-BUILDER
099999123453,01/08/2025,PAYG WITHHOLDING REMITTANCE ATO Amara Engineer PAY-20250801-EMP-AMARA-ENGINEER,377.00,,74289.70,PAYROLL_TAX,PAYG-PAY-20250801-EMP-AMARA-ENGINEER
099999123453,25/07/2025,SUPER CLEARING HOUSE Nina Sales Representative PAY-20250725-EMP-NINA-SALES,128.63,,95701.39,SUPER,SUPER-PAY-20250725-EMP-NINA-SALES
099999123453,25/07/2025,SUPER CLEARING HOUSE Grace High Income QA PAY-20250725-EMP-GRACE-HIG,415.38,,95286.01,SUPER,SUPER-PAY-20250725-EMP-GRACE-HIG
099999123453,25/07/2025,SUPER CLEARING HOUSE Ben Builder PAY-20250725-EMP-BEN-BUILDER,140.65,,95145.36,SUPER,SUPER-PAY-20250725-EMP-BEN-BUILDER
099999123453,25/07/2025,SUPER CLEARING HOUSE Amara Engineer PAY-20250725-EMP-AMARA-ENGINEER,207.69,,94937.67,SUPER,SUPER-PAY-20250725-EMP-AMARA-ENGINEER
099999123453,25/07/2025,PAYROLL NET WAGE Nina Sales Representative PAY-20250725-EMP-NINA-SALES,906.90,,94030.77,PAYROLL,PAYNET-PAY-20250725-EMP-NINA-SALES
099999123453,25/07/2025,PAYROLL NET WAGE Grace High Income QA PAY-20250725-EMP-GRACE-HIG,2470.54,,91560.23,PAYROLL,PAYNET-PAY-20250725-EMP-GRACE-HIG
099999123453,25/07/2025,PAYROLL NET WAGE Ben Builder PAY-20250725-EMP-BEN-BUILDER,974.10,,90586.13,PAYROLL,PAYNET-PAY-20250725-EMP-BEN-BUILDER
099999123453,25/07/2025,PAYROLL NET WAGE Amara Engineer PAY-20250725-EMP-AMARA-ENGINEER,1353.77,,89232.36,PAYROLL,PAYNET-PAY-20250725-EMP-AMARA-ENGINEER
099999123453,25/07/2025,PAYG WITHHOLDING REMITTANCE ATO Nina Sales Representative PAY-20250725-EMP-NINA-SALES,165.00,,89067.36,PAYROLL_TAX,PAYG-PAY-20250725-EMP-NINA-SALES
099999123453,25/07/2025,PAYG WITHHOLDING REMITTANCE ATO Grace High Income QA PAY-20250725-EMP-GRACE-HIG,991.00,,88076.36,PAYROLL_TAX,PAYG-PAY-20250725-EMP-GRACE-HIG
099999123453,25/07/2025,PAYG WITHHOLDING REMITTANCE ATO Ben Builder PAY-20250725-EMP-BEN-BUILDER,198.00,,87878.36,PAYROLL_TAX,PAYG-PAY-20250725-EMP-BEN-BUILDER
099999123453,25/07/2025,PAYG WITHHOLDING REMITTANCE ATO Amara Engineer PAY-20250725-EMP-AMARA-ENGINEER,377.00,,87501.36,PAYROLL_TAX,PAYG-PAY-20250725-EMP-AMARA-ENGINEER
099999123453,25/07/2025,WITHDRAWAL-OSKO PAYMENT Liam Surveying Contractors Pty Ltd CONTRACT-202507,3520.00,,83981.36,PAYMENT,BTP-000003
099999123453,22/07/2025,WITHDRAWAL-OSKO PAYMENT Cloud Software Vendors SOFT-202507,1595.00,,95830.02,PAYMENT,BTP-000002
099999123453,18/07/2025,SUPER CLEARING HOUSE Nina Sales Representative PAY-20250718-EMP-NINA-SALES,128.63,,21750.05,SUPER,SUPER-PAY-20250718-EMP-NINA-SALES
099999123453,18/07/2025,SUPER CLEARING HOUSE Grace High Income QA PAY-20250718-EMP-GRACE-HIG,415.38,,21334.67,SUPER,SUPER-PAY-20250718-EMP-GRACE-HIG
099999123453,18/07/2025,SUPER CLEARING HOUSE Ben Builder PAY-20250718-EMP-BEN-BUILDER,140.65,,21194.02,SUPER,SUPER-PAY-20250718-EMP-BEN-BUILDER
099999123453,18/07/2025,SUPER CLEARING HOUSE Amara Engineer PAY-20250718-EMP-AMARA-ENGINEER,207.69,,20986.33,SUPER,SUPER-PAY-20250718-EMP-AMARA-ENGINEER
099999123453,18/07/2025,PAYROLL NET WAGE Nina Sales Representative PAY-20250718-EMP-NINA-SALES,906.90,,20079.43,PAYROLL,PAYNET-PAY-20250718-EMP-NINA-SALES
099999123453,18/07/2025,PAYROLL NET WAGE Grace High Income QA PAY-20250718-EMP-GRACE-HIG,2470.54,,17608.89,PAYROLL,PAYNET-PAY-20250718-EMP-GRACE-HIG
099999123453,18/07/2025,PAYROLL NET WAGE Ben Builder PAY-20250718-EMP-BEN-BUILDER,974.10,,16634.79,PAYROLL,PAYNET-PAY-20250718-EMP-BEN-BUILDER
099999123453,18/07/2025,PAYROLL NET WAGE Amara Engineer PAY-20250718-EMP-AMARA-ENGINEER,1353.77,,15281.02,PAYROLL,PAYNET-PAY-20250718-EMP-AMARA-ENGINEER
099999123453,18/07/2025,PAYG WITHHOLDING REMITTANCE ATO Nina Sales Representative PAY-20250718-EMP-NINA-SALES,165.00,,15116.02,PAYROLL_TAX,PAYG-PAY-20250718-EMP-NINA-SALES
099999123453,18/07/2025,PAYG WITHHOLDING REMITTANCE ATO Grace High Income QA PAY-20250718-EMP-GRACE-HIG,991.00,,14125.02,PAYROLL_TAX,PAYG-PAY-20250718-EMP-GRACE-HIG
099999123453,18/07/2025,PAYG WITHHOLDING REMITTANCE ATO Ben Builder PAY-20250718-EMP-BEN-BUILDER,198.00,,13927.02,PAYROLL_TAX,PAYG-PAY-20250718-EMP-BEN-BUILDER
099999123453,18/07/2025,PAYG WITHHOLDING REMITTANCE ATO Amara Engineer PAY-20250718-EMP-AMARA-ENGINEER,377.00,,13550.02,PAYROLL_TAX,PAYG-PAY-20250718-EMP-AMARA-ENGINEER
099999123453,18/07/2025,DEPOSIT OSKO PAYMENT Project Client B INV-001,,83875.00,97425.02,DEP,BTR-000001
099999123453,16/07/2025,WITHDRAWAL-OSKO PAYMENT Harbour Property Trust RENT-202507,10120.00,,21878.68,PAYMENT,BTP-000001
099999123453,11/07/2025,SUPER CLEARING HOUSE Nina Sales Representative PAY-20250711-EMP-NINA-SALES,128.63,,40198.71,SUPER,SUPER-PAY-20250711-EMP-NINA-SALES
099999123453,11/07/2025,SUPER CLEARING HOUSE Grace High Income QA PAY-20250711-EMP-GRACE-HIG,415.38,,39783.33,SUPER,SUPER-PAY-20250711-EMP-GRACE-HIG
099999123453,11/07/2025,SUPER CLEARING HOUSE Ben Builder PAY-20250711-EMP-BEN-BUILDER,140.65,,39642.68,SUPER,SUPER-PAY-20250711-EMP-BEN-BUILDER
099999123453,11/07/2025,SUPER CLEARING HOUSE Amara Engineer PAY-20250711-EMP-AMARA-ENGINEER,207.69,,39434.99,SUPER,SUPER-PAY-20250711-EMP-AMARA-ENGINEER
099999123453,11/07/2025,PAYROLL NET WAGE Nina Sales Representative PAY-20250711-EMP-NINA-SALES,906.90,,38528.09,PAYROLL,PAYNET-PAY-20250711-EMP-NINA-SALES
099999123453,11/07/2025,PAYROLL NET WAGE Grace High Income QA PAY-20250711-EMP-GRACE-HIG,2470.54,,36057.55,PAYROLL,PAYNET-PAY-20250711-EMP-GRACE-HIG
099999123453,11/07/2025,PAYROLL NET WAGE Ben Builder PAY-20250711-EMP-BEN-BUILDER,974.10,,35083.45,PAYROLL,PAYNET-PAY-20250711-EMP-BEN-BUILDER
099999123453,11/07/2025,PAYROLL NET WAGE Amara Engineer PAY-20250711-EMP-AMARA-ENGINEER,1353.77,,33729.68,PAYROLL,PAYNET-PAY-20250711-EMP-AMARA-ENGINEER
099999123453,11/07/2025,PAYG WITHHOLDING REMITTANCE ATO Nina Sales Representative PAY-20250711-EMP-NINA-SALES,165.00,,33564.68,PAYROLL_TAX,PAYG-PAY-20250711-EMP-NINA-SALES
099999123453,11/07/2025,PAYG WITHHOLDING REMITTANCE ATO Grace High Income QA PAY-20250711-EMP-GRACE-HIG,991.00,,32573.68,PAYROLL_TAX,PAYG-PAY-20250711-EMP-GRACE-HIG
099999123453,11/07/2025,PAYG WITHHOLDING REMITTANCE ATO Ben Builder PAY-20250711-EMP-BEN-BUILDER,198.00,,32375.68,PAYROLL_TAX,PAYG-PAY-20250711-EMP-BEN-BUILDER
099999123453,11/07/2025,PAYG WITHHOLDING REMITTANCE ATO Amara Engineer PAY-20250711-EMP-AMARA-ENGINEER,377.00,,31998.68,PAYROLL_TAX,PAYG-PAY-20250711-EMP-AMARA-ENGINEER
099999123453,04/07/2025,SUPER CLEARING HOUSE Nina Sales Representative PAY-20250704-EMP-NINA-SALES,272.63,,49727.37,SUPER,SUPER-PAY-20250704-EMP-NINA-SALES
099999123453,04/07/2025,SUPER CLEARING HOUSE Grace High Income QA PAY-20250704-EMP-GRACE-HIG,415.38,,49311.99,SUPER,SUPER-PAY-20250704-EMP-GRACE-HIG
099999123453,04/07/2025,SUPER CLEARING HOUSE Ben Builder PAY-20250704-EMP-BEN-BUILDER,140.65,,49171.34,SUPER,SUPER-PAY-20250704-EMP-BEN-BUILDER
099999123453,04/07/2025,SUPER CLEARING HOUSE Amara Engineer PAY-20250704-EMP-AMARA-ENGINEER,207.69,,48963.65,SUPER,SUPER-PAY-20250704-EMP-AMARA-ENGINEER
099999123453,04/07/2025,PAYROLL NET WAGE Nina Sales Representative PAY-20250704-EMP-NINA-SALES,1721.90,,47241.75,PAYROLL,PAYNET-PAY-20250704-EMP-NINA-SALES
099999123453,04/07/2025,PAYROLL NET WAGE Grace High Income QA PAY-20250704-EMP-GRACE-HIG,2470.54,,44771.21,PAYROLL,PAYNET-PAY-20250704-EMP-GRACE-HIG
099999123453,04/07/2025,PAYROLL NET WAGE Ben Builder PAY-20250704-EMP-BEN-BUILDER,974.10,,43797.11,PAYROLL,PAYNET-PAY-20250704-EMP-BEN-BUILDER
099999123453,04/07/2025,PAYROLL NET WAGE Amara Engineer PAY-20250704-EMP-AMARA-ENGINEER,1353.77,,42443.34,PAYROLL,PAYNET-PAY-20250704-EMP-AMARA-ENGINEER
099999123453,04/07/2025,PAYG WITHHOLDING REMITTANCE ATO Nina Sales Representative PAY-20250704-EMP-NINA-SALES,550.00,,41893.34,PAYROLL_TAX,PAYG-PAY-20250704-EMP-NINA-SALES
099999123453,04/07/2025,PAYG WITHHOLDING REMITTANCE ATO Grace High Income QA PAY-20250704-EMP-GRACE-HIG,991.00,,40902.34,PAYROLL_TAX,PAYG-PAY-20250704-EMP-GRACE-HIG
099999123453,04/07/2025,PAYG WITHHOLDING REMITTANCE ATO Ben Builder PAY-20250704-EMP-BEN-BUILDER,198.00,,40704.34,PAYROLL_TAX,PAYG-PAY-20250704-EMP-BEN-BUILDER
099999123453,04/07/2025,PAYG WITHHOLDING REMITTANCE ATO Amara Engineer PAY-20250704-EMP-AMARA-ENGINEER,377.00,,40327.34,PAYROLL_TAX,PAYG-PAY-20250704-EMP-AMARA-ENGINEER
