Bank Account,Date,Narrative,Debit Amount,Credit Amount,Balance,Categories,Serial
099999123452,04/07/2026,WITHDRAWAL-OSKO PAYMENT Bank BANKFEE-202606,35.00,,318676.71,PAYMENT,BTP-000048
099999123452,26/06/2026,SUPER CLEARING HOUSE Riley Retail Casual PAY-20260626-EMP-RILEY-RETAIL-CASUAL,99.57,,318711.71,SUPER,SUPER-PAY-20260626-EMP-RILEY-RETAIL-CASUAL
099999123452,26/06/2026,SUPER CLEARING HOUSE Priya Retail Supervisor PAY-20260626-EMP-PRIYA-RETAIL-SUP,144.28,,318811.28,SUPER,SUPER-PAY-20260626-EMP-PRIYA-RETAIL-SUP
099999123452,26/06/2026,SUPER CLEARING HOUSE Marco Hospitality Casual PAY-20260626-EMP-MARCO-HOSP-CASUAL,85.31,,318955.56,SUPER,SUPER-PAY-20260626-EMP-MARCO-HOSP-CASUAL
099999123452,26/06/2026,SUPER CLEARING HOUSE Hana Cafe Part-time PAY-20260626-EMP-HANA-CAFE-PARTTIME,62.04,,319040.87,SUPER,SUPER-PAY-20260626-EMP-HANA-CAFE-PARTTIME
099999123452,26/06/2026,PAYROLL NET WAGE Riley Retail Casual PAY-20260626-EMP-RILEY-RETAIL-CASUAL,737.75,,319102.91,PAYROLL,PAYNET-PAY-20260626-EMP-RILEY-RETAIL-CASUAL
099999123452,26/06/2026,PAYROLL NET WAGE Priya Retail Supervisor PAY-20260626-EMP-PRIYA-RETAIL-SUP,994.32,,319840.66,PAYROLL,PAYNET-PAY-20260626-EMP-PRIYA-RETAIL-SUP
099999123452,26/06/2026,PAYROLL NET WAGE Marco Hospitality Casual PAY-20260626-EMP-MARCO-HOSP-CASUAL,640.90,,320834.98,PAYROLL,PAYNET-PAY-20260626-EMP-MARCO-HOSP-CASUAL
099999123452,26/06/2026,PAYROLL NET WAGE Hana Cafe Part-time PAY-20260626-EMP-HANA-CAFE-PARTTIME,491.00,,321475.88,PAYROLL,PAYNET-PAY-20260626-EMP-HANA-CAFE-PARTTIME
099999123452,26/06/2026,PAYG WITHHOLDING REMITTANCE ATO Riley Retail Casual PAY-20260626-EMP-RILEY-RETAIL-CASUAL,92.00,,321966.88,PAYROLL_TAX,PAYG-PAY-20260626-EMP-RILEY-RETAIL-CASUAL
099999123452,26/06/2026,PAYG WITHHOLDING REMITTANCE ATO Priya Retail Supervisor PAY-20260626-EMP-PRIYA-RETAIL-SUP,208.00,,322058.88,PAYROLL_TAX,PAYG-PAY-20260626-EMP-PRIYA-RETAIL-SUP
099999123452,26/06/2026,PAYG WITHHOLDING REMITTANCE ATO Marco Hospitality Casual PAY-20260626-EMP-MARCO-HOSP-CASUAL,70.00,,322266.88,PAYROLL_TAX,PAYG-PAY-20260626-EMP-MARCO-HOSP-CASUAL
099999123452,26/06/2026,PAYG WITHHOLDING REMITTANCE ATO Hana Cafe Part-time PAY-20260626-EMP-HANA-CAFE-PARTTIME,26.00,,322336.88,PAYROLL_TAX,PAYG-PAY-20260626-EMP-HANA-CAFE-PARTTIME
099999123452,25/06/2026,WITHDRAWAL-OSKO PAYMENT Peak Local Marketing Pty Ltd CONTRACT-202606,1980.00,,322362.88,PAYMENT,BTP-000047
099999123452,22/06/2026,WITHDRAWAL-OSKO PAYMENT Cloud Software Vendors SOFT-202606,1045.00,,324342.88,PAYMENT,BTP-000046
099999123452,19/06/2026,SUPER CLEARING HOUSE Riley Retail Casual PAY-20260619-EMP-RILEY-RETAIL-CASUAL,99.57,,325387.88,SUPER,SUPER-PAY-20260619-EMP-RILEY-RETAIL-CASUAL
099999123452,19/06/2026,SUPER CLEARING HOUSE Priya Retail Supervisor PAY-20260619-EMP-PRIYA-RETAIL-SUP,144.28,,325487.45,SUPER,SUPER-PAY-20260619-EMP-PRIYA-RETAIL-SUP
099999123452,19/06/2026,SUPER CLEARING HOUSE Marco Hospitality Casual PAY-20260619-EMP-MARCO-HOSP-CASUAL,31.02,,325631.73,SUPER,SUPER-PAY-20260619-EMP-MARCO-HOSP-CASUAL
099999123452,19/06/2026,SUPER CLEARING HOUSE Hana Cafe Part-time PAY-20260619-EMP-HANA-CAFE-PARTTIME,62.04,,325662.75,SUPER,SUPER-PAY-20260619-EMP-HANA-CAFE-PARTTIME
099999123452,19/06/2026,PAYROLL NET WAGE Riley Retail Casual PAY-20260619-EMP-RILEY-RETAIL-CASUAL,737.75,,325724.79,PAYROLL,PAYNET-PAY-20260619-EMP-RILEY-RETAIL-CASUAL
099999123452,19/06/2026,PAYROLL NET WAGE Priya Retail Supervisor PAY-20260619-EMP-PRIYA-RETAIL-SUP,994.32,,326462.54,PAYROLL,PAYNET-PAY-20260619-EMP-PRIYA-RETAIL-SUP
099999123452,19/06/2026,PAYROLL NET WAGE Marco Hospitality Casual PAY-20260619-EMP-MARCO-HOSP-CASUAL,258.48,,327456.86,PAYROLL,PAYNET-PAY-20260619-EMP-MARCO-HOSP-CASUAL
099999123452,19/06/2026,PAYROLL NET WAGE Hana Cafe Part-time PAY-20260619-EMP-HANA-CAFE-PARTTIME,491.00,,327715.34,PAYROLL,PAYNET-PAY-20260619-EMP-HANA-CAFE-PARTTIME
099999123452,19/06/2026,PAYG WITHHOLDING REMITTANCE ATO Riley Retail Casual PAY-20260619-EMP-RILEY-RETAIL-CASUAL,92.00,,328206.34,PAYROLL_TAX,PAYG-PAY-20260619-EMP-RILEY-RETAIL-CASUAL
099999123452,19/06/2026,PAYG WITHHOLDING REMITTANCE ATO Priya Retail Supervisor PAY-20260619-EMP-PRIYA-RETAIL-SUP,208.00,,328298.34,PAYROLL_TAX,PAYG-PAY-20260619-EMP-PRIYA-RETAIL-SUP
099999123452,19/06/2026,PAYG WITHHOLDING REMITTANCE ATO Hana Cafe Part-time PAY-20260619-EMP-HANA-CAFE-PARTTIME,26.00,,328506.34,PAYROLL_TAX,PAYG-PAY-20260619-EMP-HANA-CAFE-PARTTIME
099999123452,18/06/2026,DEPOSIT OSKO PAYMENT Retail Client A INV-012,,49500.00,328532.34,DEP,BTR-000012
099999123452,16/06/2026,WITHDRAWAL-OSKO PAYMENT Harbour Property Trust RENT-202606,8580.00,,279032.34,PAYMENT,BTP-000045
099999123452,12/06/2026,SUPER CLEARING HOUSE Riley Retail Casual PAY-20260612-EMP-RILEY-RETAIL-CASUAL,99.57,,287612.34,SUPER,SUPER-PAY-20260612-EMP-RILEY-RETAIL-CASUAL
099999123452,12/06/2026,SUPER CLEARING HOUSE Priya Retail Supervisor PAY-20260612-EMP-PRIYA-RETAIL-SUP,144.28,,287711.91,SUPER,SUPER-PAY-20260612-EMP-PRIYA-RETAIL-SUP
099999123452,12/06/2026,SUPER CLEARING HOUSE Marco Hospitality Casual PAY-20260612-EMP-MARCO-HOSP-CASUAL,31.02,,287856.19,SUPER,SUPER-PAY-20260612-EMP-MARCO-HOSP-CASUAL
099999123452,12/06/2026,SUPER CLEARING HOUSE Hana Cafe Part-time PAY-20260612-EMP-HANA-CAFE-PARTTIME,62.04,,287887.21,SUPER,SUPER-PAY-20260612-EMP-HANA-CAFE-PARTTIME
099999123452,12/06/2026,PAYROLL NET WAGE Riley Retail Casual PAY-20260612-EMP-RILEY-RETAIL-CASUAL,737.75,,287949.25,PAYROLL,PAYNET-PAY-20260612-EMP-RILEY-RETAIL-CASUAL
099999123452,12/06/2026,PAYROLL NET WAGE Priya Retail Supervisor PAY-20260612-EMP-PRIYA-RETAIL-SUP,994.32,,288687.00,PAYROLL,PAYNET-PAY-20260612-EMP-PRIYA-RETAIL-SUP
099999123452,12/06/2026,PAYROLL NET WAGE Marco Hospitality Casual PAY-20260612-EMP-MARCO-HOSP-CASUAL,258.48,,289681.32,PAYROLL,PAYNET-PAY-20260612-EMP-MARCO-HOSP-CASUAL
099999123452,12/06/2026,PAYROLL NET WAGE Hana Cafe Part-time PAY-20260612-EMP-HANA-CAFE-PARTTIME,491.00,,289939.80,PAYROLL,PAYNET-PAY-20260612-EMP-HANA-CAFE-PARTTIME
099999123452,12/06/2026,PAYG WITHHOLDING REMITTANCE ATO Riley Retail Casual PAY-20260612-EMP-RILEY-RETAIL-CASUAL,92.00,,290430.80,PAYROLL_TAX,PAYG-PAY-20260612-EMP-RILEY-RETAIL-CASUAL
099999123452,12/06/2026,PAYG WITHHOLDING REMITTANCE ATO Priya Retail Supervisor PAY-20260612-EMP-PRIYA-RETAIL-SUP,208.00,,290522.80,PAYROLL_TAX,PAYG-PAY-20260612-EMP-PRIYA-RETAIL-SUP
099999123452,12/06/2026,PAYG WITHHOLDING REMITTANCE ATO Hana Cafe Part-time PAY-20260612-EMP-HANA-CAFE-PARTTIME,26.00,,290730.80,PAYROLL_TAX,PAYG-PAY-20260612-EMP-HANA-CAFE-PARTTIME
099999123452,05/06/2026,SUPER CLEARING HOUSE Riley Retail Casual PAY-20260605-EMP-RILEY-RETAIL-CASUAL,99.57,,290756.80,SUPER,SUPER-PAY-20260605-EMP-RILEY-RETAIL-CASUAL
099999123452,05/06/2026,SUPER CLEARING HOUSE Priya Retail Supervisor PAY-20260605-EMP-PRIYA-RETAIL-SUP,144.28,,290856.37,SUPER,SUPER-PAY-20260605-EMP-PRIYA-RETAIL-SUP
099999123452,05/06/2026,SUPER CLEARING HOUSE Marco Hospitality Casual PAY-20260605-EMP-MARCO-HOSP-CASUAL,31.02,,291000.65,SUPER,SUPER-PAY-20260605-EMP-MARCO-HOSP-CASUAL
099999123452,05/06/2026,SUPER CLEARING HOUSE Hana Cafe Part-time PAY-20260605-EMP-HANA-CAFE-PARTTIME,62.04,,291031.67,SUPER,SUPER-PAY-20260605-EMP-HANA-CAFE-PARTTIME
099999123452,05/06/2026,PAYROLL NET WAGE Riley Retail Casual PAY-20260605-EMP-RILEY-RETAIL-CASUAL,737.75,,291093.71,PAYROLL,PAYNET-PAY-20260605-EMP-RILEY-RETAIL-CASUAL
099999123452,05/06/2026,PAYROLL NET WAGE Priya Retail Supervisor PAY-20260605-EMP-PRIYA-RETAIL-SUP,994.32,,291831.46,PAYROLL,PAYNET-PAY-20260605-EMP-PRIYA-RETAIL-SUP
099999123452,05/06/2026,PAYROLL NET WAGE Marco Hospitality Casual PAY-20260605-EMP-MARCO-HOSP-CASUAL,258.48,,292825.78,PAYROLL,PAYNET-PAY-20260605-EMP-MARCO-HOSP-CASUAL
099999123452,05/06/2026,PAYROLL NET WAGE Hana Cafe Part-time PAY-20260605-EMP-HANA-CAFE-PARTTIME,491.00,,293084.26,PAYROLL,PAYNET-PAY-20260605-EMP-HANA-CAFE-PARTTIME
099999123452,05/06/2026,PAYG WITHHOLDING REMITTANCE ATO Riley Retail Casual PAY-20260605-EMP-RILEY-RETAIL-CASUAL,92.00,,293575.26,PAYROLL_TAX,PAYG-PAY-20260605-EMP-RILEY-RETAIL-CASUAL
099999123452,05/06/2026,PAYG WITHHOLDING REMITTANCE ATO Priya Retail Supervisor PAY-20260605-EMP-PRIYA-RETAIL-SUP,208.00,,293667.26,PAYROLL_TAX,PAYG-PAY-20260605-EMP-PRIYA-RETAIL-SUP
099999123452,05/06/2026,PAYG WITHHOLDING REMITTANCE ATO Hana Cafe Part-time PAY-20260605-EMP-HANA-CAFE-PARTTIME,26.00,,293875.26,PAYROLL_TAX,PAYG-PAY-20260605-EMP-HANA-CAFE-PARTTIME
099999123452,03/06/2026,WITHDRAWAL-OSKO PAYMENT Bank BANKFEE-202605,35.00,,293901.26,PAYMENT,BTP-000044
099999123452,29/05/2026,SUPER CLEARING HOUSE Riley Retail Casual PAY-20260529-EMP-RILEY-RETAIL-CASUAL,99.57,,293936.26,SUPER,SUPER-PAY-20260529-EMP-RILEY-RETAIL-CASUAL
099999123452,29/05/2026,SUPER CLEARING HOUSE Priya Retail Supervisor PAY-20260529-EMP-PRIYA-RETAIL-SUP,144.28,,294035.83,SUPER,SUPER-PAY-20260529-EMP-PRIYA-RETAIL-SUP
099999123452,29/05/2026,SUPER CLEARING HOUSE Marco Hospitality Casual PAY-20260529-EMP-MARCO-HOSP-CASUAL,54.29,,294180.11,SUPER,SUPER-PAY-20260529-EMP-MARCO-HOSP-CASUAL
099999123452,29/05/2026,SUPER CLEARING HOUSE Hana Cafe Part-time PAY-20260529-EMP-HANA-CAFE-PARTTIME,62.04,,294234.40,SUPER,SUPER-PAY-20260529-EMP-HANA-CAFE-PARTTIME
099999123452,29/05/2026,PAYROLL NET WAGE Riley Retail Casual PAY-20260529-EMP-RILEY-RETAIL-CASUAL,737.75,,294296.44,PAYROLL,PAYNET-PAY-20260529-EMP-RILEY-RETAIL-CASUAL
099999123452,29/05/2026,PAYROLL NET WAGE Priya Retail Supervisor PAY-20260529-EMP-PRIYA-RETAIL-SUP,994.32,,295034.19,PAYROLL,PAYNET-PAY-20260529-EMP-PRIYA-RETAIL-SUP
099999123452,29/05/2026,PAYROLL NET WAGE Marco Hospitality Casual PAY-20260529-EMP-MARCO-HOSP-CASUAL,438.38,,296028.51,PAYROLL,PAYNET-PAY-20260529-EMP-MARCO-HOSP-CASUAL
099999123452,29/05/2026,PAYROLL NET WAGE Hana Cafe Part-time PAY-20260529-EMP-HANA-CAFE-PARTTIME,491.00,,296466.89,PAYROLL,PAYNET-PAY-20260529-EMP-HANA-CAFE-PARTTIME
099999123452,29/05/2026,PAYG WITHHOLDING REMITTANCE ATO Riley Retail Casual PAY-20260529-EMP-RILEY-RETAIL-CASUAL,92.00,,296957.89,PAYROLL_TAX,PAYG-PAY-20260529-EMP-RILEY-RETAIL-CASUAL
099999123452,29/05/2026,PAYG WITHHOLDING REMITTANCE ATO Priya Retail Supervisor PAY-20260529-EMP-PRIYA-RETAIL-SUP,208.00,,297049.89,PAYROLL_TAX,PAYG-PAY-20260529-EMP-PRIYA-RETAIL-SUP
099999123452,29/05/2026,PAYG WITHHOLDING REMITTANCE ATO Marco Hospitality Casual PAY-20260529-EMP-MARCO-HOSP-CASUAL,14.00,,297257.89,PAYROLL_TAX,PAYG-PAY-20260529-EMP-MARCO-HOSP-CASUAL
099999123452,29/05/2026,PAYG WITHHOLDING REMITTANCE ATO Hana Cafe Part-time PAY-20260529-EMP-HANA-CAFE-PARTTIME,26.00,,297271.89,PAYROLL_TAX,PAYG-PAY-20260529-EMP-HANA-CAFE-PARTTIME
099999123452,25/05/2026,WITHDRAWAL-OSKO PAYMENT Peak Local Marketing Pty Ltd CONTRACT-202605,1980.00,,297297.89,PAYMENT,BTP-000043
099999123452,22/05/2026,SUPER CLEARING HOUSE Riley Retail Casual PAY-20260522-EMP-RILEY-RETAIL-CASUAL,99.57,,299277.89,SUPER,SUPER-PAY-20260522-EMP-RILEY-RETAIL-CASUAL
099999123452,22/05/2026,SUPER CLEARING HOUSE Priya Retail Supervisor PAY-20260522-EMP-PRIYA-RETAIL-SUP,144.28,,299377.46,SUPER,SUPER-PAY-20260522-EMP-PRIYA-RETAIL-SUP
099999123452,22/05/2026,SUPER CLEARING HOUSE Marco Hospitality Casual PAY-20260522-EMP-MARCO-HOSP-CASUAL,31.02,,299521.74,SUPER,SUPER-PAY-20260522-EMP-MARCO-HOSP-CASUAL
099999123452,22/05/2026,SUPER CLEARING HOUSE Hana Cafe Part-time PAY-20260522-EMP-HANA-CAFE-PARTTIME,62.04,,299552.76,SUPER,SUPER-PAY-20260522-EMP-HANA-CAFE-PARTTIME
099999123452,22/05/2026,PAYROLL NET WAGE Riley Retail Casual PAY-20260522-EMP-RILEY-RETAIL-CASUAL,737.75,,299614.80,PAYROLL,PAYNET-PAY-20260522-EMP-RILEY-RETAIL-CASUAL
099999123452,22/05/2026,PAYROLL NET WAGE Priya Retail Supervisor PAY-20260522-EMP-PRIYA-RETAIL-SUP,994.32,,300352.55,PAYROLL,PAYNET-PAY-20260522-EMP-PRIYA-RETAIL-SUP
099999123452,22/05/2026,PAYROLL NET WAGE Marco Hospitality Casual PAY-20260522-EMP-MARCO-HOSP-CASUAL,258.48,,301346.87,PAYROLL,PAYNET-PAY-20260522-EMP-MARCO-HOSP-CASUAL
099999123452,22/05/2026,PAYROLL NET WAGE Hana Cafe Part-time PAY-20260522-EMP-HANA-CAFE-PARTTIME,491.00,,301605.35,PAYROLL,PAYNET-PAY-20260522-EMP-HANA-CAFE-PARTTIME
099999123452,22/05/2026,PAYG WITHHOLDING REMITTANCE ATO Riley Retail Casual PAY-20260522-EMP-RILEY-RETAIL-CASUAL,92.00,,302096.35,PAYROLL_TAX,PAYG-PAY-20260522-EMP-RILEY-RETAIL-CASUAL
099999123452,22/05/2026,PAYG WITHHOLDING REMITTANCE ATO Priya Retail Supervisor PAY-20260522-EMP-PRIYA-RETAIL-SUP,208.00,,302188.35,PAYROLL_TAX,PAYG-PAY-20260522-EMP-PRIYA-RETAIL-SUP
099999123452,22/05/2026,PAYG WITHHOLDING REMITTANCE ATO Hana Cafe Part-time PAY-20260522-EMP-HANA-CAFE-PARTTIME,26.00,,302396.35,PAYROLL_TAX,PAYG-PAY-20260522-EMP-HANA-CAFE-PARTTIME
099999123452,22/05/2026,WITHDRAWAL-OSKO PAYMENT Cloud Software Vendors SOFT-202605,1045.00,,302422.35,PAYMENT,BTP-000042
099999123452,18/05/2026,DEPOSIT OSKO PAYMENT Retail Client C INV-011,,49225.00,303467.35,DEP,BTR-000011
099999123452,16/05/2026,WITHDRAWAL-OSKO PAYMENT Harbour Property Trust RENT-202605,8580.00,,254242.35,PAYMENT,BTP-000041
099999123452,15/05/2026,SUPER CLEARING HOUSE Riley Retail Casual PAY-20260515-EMP-RILEY-RETAIL-CASUAL,99.57,,262822.35,SUPER,SUPER-PAY-20260515-EMP-RILEY-RETAIL-CASUAL
099999123452,15/05/2026,SUPER CLEARING HOUSE Priya Retail Supervisor PAY-20260515-EMP-PRIYA-RETAIL-SUP,144.28,,262921.92,SUPER,SUPER-PAY-20260515-EMP-PRIYA-RETAIL-SUP
099999123452,15/05/2026,SUPER CLEARING HOUSE Marco Hospitality Casual PAY-20260515-EMP-MARCO-HOSP-CASUAL,31.02,,263066.20,SUPER,SUPER-PAY-20260515-EMP-MARCO-HOSP-CASUAL
099999123452,15/05/2026,SUPER CLEARING HOUSE Hana Cafe Part-time PAY-20260515-EMP-HANA-CAFE-PARTTIME,62.04,,263097.22,SUPER,SUPER-PAY-20260515-EMP-HANA-CAFE-PARTTIME
099999123452,15/05/2026,PAYROLL NET WAGE Riley Retail Casual PAY-20260515-EMP-RILEY-RETAIL-CASUAL,737.75,,263159.26,PAYROLL,PAYNET-PAY-20260515-EMP-RILEY-RETAIL-CASUAL
099999123452,15/05/2026,PAYROLL NET WAGE Priya Retail Supervisor PAY-20260515-EMP-PRIYA-RETAIL-SUP,994.32,,263897.01,PAYROLL,PAYNET-PAY-20260515-EMP-PRIYA-RETAIL-SUP
099999123452,15/05/2026,PAYROLL NET WAGE Marco Hospitality Casual PAY-20260515-EMP-MARCO-HOSP-CASUAL,258.48,,264891.33,PAYROLL,PAYNET-PAY-20260515-EMP-MARCO-HOSP-CASUAL
099999123452,15/05/2026,PAYROLL NET WAGE Hana Cafe Part-time PAY-20260515-EMP-HANA-CAFE-PARTTIME,491.00,,265149.81,PAYROLL,PAYNET-PAY-20260515-EMP-HANA-CAFE-PARTTIME
099999123452,15/05/2026,PAYG WITHHOLDING REMITTANCE ATO Riley Retail Casual PAY-20260515-EMP-RILEY-RETAIL-CASUAL,92.00,,265640.81,PAYROLL_TAX,PAYG-PAY-20260515-EMP-RILEY-RETAIL-CASUAL
099999123452,15/05/2026,PAYG WITHHOLDING REMITTANCE ATO Priya Retail Supervisor PAY-20260515-EMP-PRIYA-RETAIL-SUP,208.00,,265732.81,PAYROLL_TAX,PAYG-PAY-20260515-EMP-PRIYA-RETAIL-SUP
099999123452,15/05/2026,PAYG WITHHOLDING REMITTANCE ATO Hana Cafe Part-time PAY-20260515-EMP-HANA-CAFE-PARTTIME,26.00,,265940.81,PAYROLL_TAX,PAYG-PAY-20260515-EMP-HANA-CAFE-PARTTIME
099999123452,08/05/2026,SUPER CLEARING HOUSE Riley Retail Casual PAY-20260508-EMP-RILEY-RETAIL-CASUAL,99.57,,265966.81,SUPER,SUPER-PAY-20260508-EMP-RILEY-RETAIL-CASUAL
099999123452,08/05/2026,SUPER CLEARING HOUSE Priya Retail Supervisor PAY-20260508-EMP-PRIYA-RETAIL-SUP,144.28,,266066.38,SUPER,SUPER-PAY-20260508-EMP-PRIYA-RETAIL-SUP
099999123452,08/05/2026,SUPER CLEARING HOUSE Marco Hospitality Casual PAY-20260508-EMP-MARCO-HOSP-CASUAL,31.02,,266210.66,SUPER,SUPER-PAY-20260508-EMP-MARCO-HOSP-CASUAL
099999123452,08/05/2026,SUPER CLEARING HOUSE Hana Cafe Part-time PAY-20260508-EMP-HANA-CAFE-PARTTIME,62.04,,266241.68,SUPER,SUPER-PAY-20260508-EMP-HANA-CAFE-PARTTIME
099999123452,08/05/2026,PAYROLL NET WAGE Riley Retail Casual PAY-20260508-EMP-RILEY-RETAIL-CASUAL,737.75,,266303.72,PAYROLL,PAYNET-PAY-20260508-EMP-RILEY-RETAIL-CASUAL
099999123452,08/05/2026,PAYROLL NET WAGE Priya Retail Supervisor PAY-20260508-EMP-PRIYA-RETAIL-SUP,994.32,,267041.47,PAYROLL,PAYNET-PAY-20260508-EMP-PRIYA-RETAIL-SUP
099999123452,08/05/2026,PAYROLL NET WAGE Marco Hospitality Casual PAY-20260508-EMP-MARCO-HOSP-CASUAL,258.48,,268035.79,PAYROLL,PAYNET-PAY-20260508-EMP-MARCO-HOSP-CASUAL
099999123452,08/05/2026,PAYROLL NET WAGE Hana Cafe Part-time PAY-20260508-EMP-HANA-CAFE-PARTTIME,491.00,,268294.27,PAYROLL,PAYNET-PAY-20260508-EMP-HANA-CAFE-PARTTIME
099999123452,08/05/2026,PAYG WITHHOLDING REMITTANCE ATO Riley Retail Casual PAY-20260508-EMP-RILEY-RETAIL-CASUAL,92.00,,268785.27,PAYROLL_TAX,PAYG-PAY-20260508-EMP-RILEY-RETAIL-CASUAL
099999123452,08/05/2026,PAYG WITHHOLDING REMITTANCE ATO Priya Retail Supervisor PAY-20260508-EMP-PRIYA-RETAIL-SUP,208.00,,268877.27,PAYROLL_TAX,PAYG-PAY-20260508-EMP-PRIYA-RETAIL-SUP
099999123452,08/05/2026,PAYG WITHHOLDING REMITTANCE ATO Hana Cafe Part-time PAY-20260508-EMP-HANA-CAFE-PARTTIME,26.00,,269085.27,PAYROLL_TAX,PAYG-PAY-20260508-EMP-HANA-CAFE-PARTTIME
099999123452,04/05/2026,WITHDRAWAL-OSKO PAYMENT Bank BANKFEE-202604,35.00,,269111.27,PAYMENT,BTP-000040
099999123452,01/05/2026,SUPER CLEARING HOUSE Riley Retail Casual PAY-20260501-EMP-RILEY-RETAIL-CASUAL,99.57,,269146.27,SUPER,SUPER-PAY-20260501-EMP-RILEY-RETAIL-CASUAL
099999123452,01/05/2026,SUPER CLEARING HOUSE Priya Retail Supervisor PAY-20260501-EMP-PRIYA-RETAIL-SUP,144.28,,269245.84,SUPER,SUPER-PAY-20260501-EMP-PRIYA-RETAIL-SUP
099999123452,01/05/2026,SUPER CLEARING HOUSE Marco Hospitality Casual PAY-20260501-EMP-MARCO-HOSP-CASUAL,54.29,,269390.12,SUPER,SUPER-PAY-20260501-EMP-MARCO-HOSP-CASUAL
099999123452,01/05/2026,SUPER CLEARING HOUSE Hana Cafe Part-time PAY-20260501-EMP-HANA-CAFE-PARTTIME,62.04,,269444.41,SUPER,SUPER-PAY-20260501-EMP-HANA-CAFE-PARTTIME
099999123452,01/05/2026,PAYROLL NET WAGE Riley Retail Casual PAY-20260501-EMP-RILEY-RETAIL-CASUAL,737.75,,269506.45,PAYROLL,PAYNET-PAY-20260501-EMP-RILEY-RETAIL-CASUAL
099999123452,01/05/2026,PAYROLL NET WAGE Priya Retail Supervisor PAY-20260501-EMP-PRIYA-RETAIL-SUP,994.32,,270244.20,PAYROLL,PAYNET-PAY-20260501-EMP-PRIYA-RETAIL-SUP
099999123452,01/05/2026,PAYROLL NET WAGE Marco Hospitality Casual PAY-20260501-EMP-MARCO-HOSP-CASUAL,438.38,,271238.52,PAYROLL,PAYNET-PAY-20260501-EMP-MARCO-HOSP-CASUAL
099999123452,01/05/2026,PAYROLL NET WAGE Hana Cafe Part-time PAY-20260501-EMP-HANA-CAFE-PARTTIME,491.00,,271676.90,PAYROLL,PAYNET-PAY-20260501-EMP-HANA-CAFE-PARTTIME
099999123452,01/05/2026,PAYG WITHHOLDING REMITTANCE ATO Riley Retail Casual PAY-20260501-EMP-RILEY-RETAIL-CASUAL,92.00,,272167.90,PAYROLL_TAX,PAYG-PAY-20260501-EMP-RILEY-RETAIL-CASUAL
099999123452,01/05/2026,PAYG WITHHOLDING REMITTANCE ATO Priya Retail Supervisor PAY-20260501-EMP-PRIYA-RETAIL-SUP,208.00,,272259.90,PAYROLL_TAX,PAYG-PAY-20260501-EMP-PRIYA-RETAIL-SUP
099999123452,01/05/2026,PAYG WITHHOLDING REMITTANCE ATO Marco Hospitality Casual PAY-20260501-EMP-MARCO-HOSP-CASUAL,14.00,,272467.90,PAYROLL_TAX,PAYG-PAY-20260501-EMP-MARCO-HOSP-CASUAL
099999123452,01/05/2026,PAYG WITHHOLDING REMITTANCE ATO Hana Cafe Part-time PAY-20260501-EMP-HANA-CAFE-PARTTIME,26.00,,272481.90,PAYROLL_TAX,PAYG-PAY-20260501-EMP-HANA-CAFE-PARTTIME
099999123452,25/04/2026,WITHDRAWAL-OSKO PAYMENT Peak Local Marketing Pty Ltd CONTRACT-202604,1980.00,,272507.90,PAYMENT,BTP-000039
099999123452,24/04/2026,SUPER CLEARING HOUSE Riley Retail Casual PAY-20260424-EMP-RILEY-RETAIL-CASUAL,99.57,,274487.90,SUPER,SUPER-PAY-20260424-EMP-RILEY-RETAIL-CASUAL
099999123452,24/04/2026,SUPER CLEARING HOUSE Priya Retail Supervisor PAY-20260424-EMP-PRIYA-RETAIL-SUP,144.28,,274587.47,SUPER,SUPER-PAY-20260424-EMP-PRIYA-RETAIL-SUP
099999123452,24/04/2026,SUPER CLEARING HOUSE Marco Hospitality Casual PAY-20260424-EMP-MARCO-HOSP-CASUAL,31.02,,274731.75,SUPER,SUPER-PAY-20260424-EMP-MARCO-HOSP-CASUAL
099999123452,24/04/2026,SUPER CLEARING HOUSE Hana Cafe Part-time PAY-20260424-EMP-HANA-CAFE-PARTTIME,62.04,,274762.77,SUPER,SUPER-PAY-20260424-EMP-HANA-CAFE-PARTTIME
099999123452,24/04/2026,PAYROLL NET WAGE Riley Retail Casual PAY-20260424-EMP-RILEY-RETAIL-CASUAL,737.75,,274824.81,PAYROLL,PAYNET-PAY-20260424-EMP-RILEY-RETAIL-CASUAL
099999123452,24/04/2026,PAYROLL NET WAGE Priya Retail Supervisor PAY-20260424-EMP-PRIYA-RETAIL-SUP,994.32,,275562.56,PAYROLL,PAYNET-PAY-20260424-EMP-PRIYA-RETAIL-SUP
099999123452,24/04/2026,PAYROLL NET WAGE Marco Hospitality Casual PAY-20260424-EMP-MARCO-HOSP-CASUAL,258.48,,276556.88,PAYROLL,PAYNET-PAY-20260424-EMP-MARCO-HOSP-CASUAL
099999123452,24/04/2026,PAYROLL NET WAGE Hana Cafe Part-time PAY-20260424-EMP-HANA-CAFE-PARTTIME,491.00,,276815.36,PAYROLL,PAYNET-PAY-20260424-EMP-HANA-CAFE-PARTTIME
099999123452,24/04/2026,PAYG WITHHOLDING REMITTANCE ATO Riley Retail Casual PAY-20260424-EMP-RILEY-RETAIL-CASUAL,92.00,,277306.36,PAYROLL_TAX,PAYG-PAY-20260424-EMP-RILEY-RETAIL-CASUAL
099999123452,24/04/2026,PAYG WITHHOLDING REMITTANCE ATO Priya Retail Supervisor PAY-20260424-EMP-PRIYA-RETAIL-SUP,208.00,,277398.36,PAYROLL_TAX,PAYG-PAY-20260424-EMP-PRIYA-RETAIL-SUP
099999123452,24/04/2026,PAYG WITHHOLDING REMITTANCE ATO Hana Cafe Part-time PAY-20260424-EMP-HANA-CAFE-PARTTIME,26.00,,277606.36,PAYROLL_TAX,PAYG-PAY-20260424-EMP-HANA-CAFE-PARTTIME
099999123452,22/04/2026,WITHDRAWAL-OSKO PAYMENT Cloud Software Vendors SOFT-202604,1045.00,,277632.36,PAYMENT,BTP-000038
099999123452,18/04/2026,DEPOSIT OSKO PAYMENT Retail Client B INV-010,,48950.00,278677.36,DEP,BTR-000010
099999123452,17/04/2026,SUPER CLEARING HOUSE Riley Retail Casual PAY-20260417-EMP-RILEY-RETAIL-CASUAL,99.57,,229727.36,SUPER,SUPER-PAY-20260417-EMP-RILEY-RETAIL-CASUAL
099999123452,17/04/2026,SUPER CLEARING HOUSE Priya Retail Supervisor PAY-20260417-EMP-PRIYA-RETAIL-SUP,144.28,,229826.93,SUPER,SUPER-PAY-20260417-EMP-PRIYA-RETAIL-SUP
099999123452,17/04/2026,SUPER CLEARING HOUSE Marco Hospitality Casual PAY-20260417-EMP-MARCO-HOSP-CASUAL,31.02,,229971.21,SUPER,SUPER-PAY-20260417-EMP-MARCO-HOSP-CASUAL
099999123452,17/04/2026,SUPER CLEARING HOUSE Hana Cafe Part-time PAY-20260417-EMP-HANA-CAFE-PARTTIME,62.04,,230002.23,SUPER,SUPER-PAY-20260417-EMP-HANA-CAFE-PARTTIME
099999123452,17/04/2026,PAYROLL NET WAGE Riley Retail Casual PAY-20260417-EMP-RILEY-RETAIL-CASUAL,737.75,,230064.27,PAYROLL,PAYNET-PAY-20260417-EMP-RILEY-RETAIL-CASUAL
099999123452,17/04/2026,PAYROLL NET WAGE Priya Retail Supervisor PAY-20260417-EMP-PRIYA-RETAIL-SUP,994.32,,230802.02,PAYROLL,PAYNET-PAY-20260417-EMP-PRIYA-RETAIL-SUP
099999123452,17/04/2026,PAYROLL NET WAGE Marco Hospitality Casual PAY-20260417-EMP-MARCO-HOSP-CASUAL,258.48,,231796.34,PAYROLL,PAYNET-PAY-20260417-EMP-MARCO-HOSP-CASUAL
099999123452,17/04/2026,PAYROLL NET WAGE Hana Cafe Part-time PAY-20260417-EMP-HANA-CAFE-PARTTIME,491.00,,232054.82,PAYROLL,PAYNET-PAY-20260417-EMP-HANA-CAFE-PARTTIME
099999123452,17/04/2026,PAYG WITHHOLDING REMITTANCE ATO Riley Retail Casual PAY-20260417-EMP-RILEY-RETAIL-CASUAL,92.00,,232545.82,PAYROLL_TAX,PAYG-PAY-20260417-EMP-RILEY-RETAIL-CASUAL
099999123452,17/04/2026,PAYG WITHHOLDING REMITTANCE ATO Priya Retail Supervisor PAY-20260417-EMP-PRIYA-RETAIL-SUP,208.00,,232637.82,PAYROLL_TAX,PAYG-PAY-20260417-EMP-PRIYA-RETAIL-SUP
099999123452,17/04/2026,PAYG WITHHOLDING REMITTANCE ATO Hana Cafe Part-time PAY-20260417-EMP-HANA-CAFE-PARTTIME,26.00,,232845.82,PAYROLL_TAX,PAYG-PAY-20260417-EMP-HANA-CAFE-PARTTIME
099999123452,16/04/2026,WITHDRAWAL-OSKO PAYMENT Harbour Property Trust RENT-202604,8580.00,,232871.82,PAYMENT,BTP-000037
099999123452,10/04/2026,SUPER CLEARING HOUSE Riley Retail Casual PAY-20260410-EMP-RILEY-RETAIL-CASUAL,99.57,,241451.82,SUPER,SUPER-PAY-20260410-EMP-RILEY-RETAIL-CASUAL
099999123452,10/04/2026,SUPER CLEARING HOUSE Priya Retail Supervisor PAY-20260410-EMP-PRIYA-RETAIL-SUP,144.28,,241551.39,SUPER,SUPER-PAY-20260410-EMP-PRIYA-RETAIL-SUP
099999123452,10/04/2026,SUPER CLEARING HOUSE Marco Hospitality Casual PAY-20260410-EMP-MARCO-HOSP-CASUAL,31.02,,241695.67,SUPER,SUPER-PAY-20260410-EMP-MARCO-HOSP-CASUAL
099999123452,10/04/2026,SUPER CLEARING HOUSE Hana Cafe Part-time PAY-20260410-EMP-HANA-CAFE-PARTTIME,62.04,,241726.69,SUPER,SUPER-PAY-20260410-EMP-HANA-CAFE-PARTTIME
099999123452,10/04/2026,PAYROLL NET WAGE Riley Retail Casual PAY-20260410-EMP-RILEY-RETAIL-CASUAL,737.75,,241788.73,PAYROLL,PAYNET-PAY-20260410-EMP-RILEY-RETAIL-CASUAL
099999123452,10/04/2026,PAYROLL NET WAGE Priya Retail Supervisor PAY-20260410-EMP-PRIYA-RETAIL-SUP,994.32,,242526.48,PAYROLL,PAYNET-PAY-20260410-EMP-PRIYA-RETAIL-SUP
099999123452,10/04/2026,PAYROLL NET WAGE Marco Hospitality Casual PAY-20260410-EMP-MARCO-HOSP-CASUAL,258.48,,243520.80,PAYROLL,PAYNET-PAY-20260410-EMP-MARCO-HOSP-CASUAL
099999123452,10/04/2026,PAYROLL NET WAGE Hana Cafe Part-time PAY-20260410-EMP-HANA-CAFE-PARTTIME,491.00,,243779.28,PAYROLL,PAYNET-PAY-20260410-EMP-HANA-CAFE-PARTTIME
099999123452,10/04/2026,PAYG WITHHOLDING REMITTANCE ATO Riley Retail Casual PAY-20260410-EMP-RILEY-RETAIL-CASUAL,92.00,,244270.28,PAYROLL_TAX,PAYG-PAY-20260410-EMP-RILEY-RETAIL-CASUAL
099999123452,10/04/2026,PAYG WITHHOLDING REMITTANCE ATO Priya Retail Supervisor PAY-20260410-EMP-PRIYA-RETAIL-SUP,208.00,,244362.28,PAYROLL_TAX,PAYG-PAY-20260410-EMP-PRIYA-RETAIL-SUP
099999123452,10/04/2026,PAYG WITHHOLDING REMITTANCE ATO Hana Cafe Part-time PAY-20260410-EMP-HANA-CAFE-PARTTIME,26.00,,244570.28,PAYROLL_TAX,PAYG-PAY-20260410-EMP-HANA-CAFE-PARTTIME
099999123452,03/04/2026,SUPER CLEARING HOUSE Riley Retail Casual PAY-20260403-EMP-RILEY-RETAIL-CASUAL,99.57,,244596.28,SUPER,SUPER-PAY-20260403-EMP-RILEY-RETAIL-CASUAL
099999123452,03/04/2026,SUPER CLEARING HOUSE Priya Retail Supervisor PAY-20260403-EMP-PRIYA-RETAIL-SUP,144.28,,244695.85,SUPER,SUPER-PAY-20260403-EMP-PRIYA-RETAIL-SUP
099999123452,03/04/2026,SUPER CLEARING HOUSE Marco Hospitality Casual PAY-20260403-EMP-MARCO-HOSP-CASUAL,54.29,,244840.13,SUPER,SUPER-PAY-20260403-EMP-MARCO-HOSP-CASUAL
099999123452,03/04/2026,SUPER CLEARING HOUSE Hana Cafe Part-time PAY-20260403-EMP-HANA-CAFE-PARTTIME,62.04,,244894.42,SUPER,SUPER-PAY-20260403-EMP-HANA-CAFE-PARTTIME
099999123452,03/04/2026,PAYROLL NET WAGE Riley Retail Casual PAY-20260403-EMP-RILEY-RETAIL-CASUAL,737.75,,244956.46,PAYROLL,PAYNET-PAY-20260403-EMP-RILEY-RETAIL-CASUAL
099999123452,03/04/2026,PAYROLL NET WAGE Priya Retail Supervisor PAY-20260403-EMP-PRIYA-RETAIL-SUP,994.32,,245694.21,PAYROLL,PAYNET-PAY-20260403-EMP-PRIYA-RETAIL-SUP
099999123452,03/04/2026,PAYROLL NET WAGE Marco Hospitality Casual PAY-20260403-EMP-MARCO-HOSP-CASUAL,438.38,,246688.53,PAYROLL,PAYNET-PAY-20260403-EMP-MARCO-HOSP-CASUAL
099999123452,03/04/2026,PAYROLL NET WAGE Hana Cafe Part-time PAY-20260403-EMP-HANA-CAFE-PARTTIME,491.00,,247126.91,PAYROLL,PAYNET-PAY-20260403-EMP-HANA-CAFE-PARTTIME
099999123452,03/04/2026,PAYG WITHHOLDING REMITTANCE ATO Riley Retail Casual PAY-20260403-EMP-RILEY-RETAIL-CASUAL,92.00,,247617.91,PAYROLL_TAX,PAYG-PAY-20260403-EMP-RILEY-RETAIL-CASUAL
099999123452,03/04/2026,PAYG WITHHOLDING REMITTANCE ATO Priya Retail Supervisor PAY-20260403-EMP-PRIYA-RETAIL-SUP,208.00,,247709.91,PAYROLL_TAX,PAYG-PAY-20260403-EMP-PRIYA-RETAIL-SUP
099999123452,03/04/2026,PAYG WITHHOLDING REMITTANCE ATO Marco Hospitality Casual PAY-20260403-EMP-MARCO-HOSP-CASUAL,14.00,,247917.91,PAYROLL_TAX,PAYG-PAY-20260403-EMP-MARCO-HOSP-CASUAL
099999123452,03/04/2026,PAYG WITHHOLDING REMITTANCE ATO Hana Cafe Part-time PAY-20260403-EMP-HANA-CAFE-PARTTIME,26.00,,247931.91,PAYROLL_TAX,PAYG-PAY-20260403-EMP-HANA-CAFE-PARTTIME
099999123452,03/04/2026,WITHDRAWAL-OSKO PAYMENT Bank BANKFEE-202603,35.00,,247957.91,PAYMENT,BTP-000036
099999123452,27/03/2026,SUPER CLEARING HOUSE Riley Retail Casual PAY-20260327-EMP-RILEY-RETAIL-CASUAL,99.57,,247992.91,SUPER,SUPER-PAY-20260327-EMP-RILEY-RETAIL-CASUAL
099999123452,27/03/2026,SUPER CLEARING HOUSE Priya Retail Supervisor PAY-20260327-EMP-PRIYA-RETAIL-SUP,144.28,,248092.48,SUPER,SUPER-PAY-20260327-EMP-PRIYA-RETAIL-SUP
099999123452,27/03/2026,SUPER CLEARING HOUSE Marco Hospitality Casual PAY-20260327-EMP-MARCO-HOSP-CASUAL,62.04,,248236.76,SUPER,SUPER-PAY-20260327-EMP-MARCO-HOSP-CASUAL
099999123452,27/03/2026,SUPER CLEARING HOUSE Hana Cafe Part-time PAY-20260327-EMP-HANA-CAFE-PARTTIME,62.04,,248298.80,SUPER,SUPER-PAY-20260327-EMP-HANA-CAFE-PARTTIME
099999123452,27/03/2026,PAYROLL NET WAGE Riley Retail Casual PAY-20260327-EMP-RILEY-RETAIL-CASUAL,737.75,,248360.84,PAYROLL,PAYNET-PAY-20260327-EMP-RILEY-RETAIL-CASUAL
099999123452,27/03/2026,PAYROLL NET WAGE Priya Retail Supervisor PAY-20260327-EMP-PRIYA-RETAIL-SUP,994.32,,249098.59,PAYROLL,PAYNET-PAY-20260327-EMP-PRIYA-RETAIL-SUP
099999123452,27/03/2026,PAYROLL NET WAGE Marco Hospitality Casual PAY-20260327-EMP-MARCO-HOSP-CASUAL,491.00,,250092.91,PAYROLL,PAYNET-PAY-20260327-EMP-MARCO-HOSP-CASUAL
099999123452,27/03/2026,PAYROLL NET WAGE Hana Cafe Part-time PAY-20260327-EMP-HANA-CAFE-PARTTIME,491.00,,250583.91,PAYROLL,PAYNET-PAY-20260327-EMP-HANA-CAFE-PARTTIME
099999123452,27/03/2026,PAYG WITHHOLDING REMITTANCE ATO Riley Retail Casual PAY-20260327-EMP-RILEY-RETAIL-CASUAL,92.00,,251074.91,PAYROLL_TAX,PAYG-PAY-20260327-EMP-RILEY-RETAIL-CASUAL
099999123452,27/03/2026,PAYG WITHHOLDING REMITTANCE ATO Priya Retail Supervisor PAY-20260327-EMP-PRIYA-RETAIL-SUP,208.00,,251166.91,PAYROLL_TAX,PAYG-PAY-20260327-EMP-PRIYA-RETAIL-SUP
099999123452,27/03/2026,PAYG WITHHOLDING REMITTANCE ATO Marco Hospitality Casual PAY-20260327-EMP-MARCO-HOSP-CASUAL,26.00,,251374.91,PAYROLL_TAX,PAYG-PAY-20260327-EMP-MARCO-HOSP-CASUAL
099999123452,27/03/2026,PAYG WITHHOLDING REMITTANCE ATO Hana Cafe Part-time PAY-20260327-EMP-HANA-CAFE-PARTTIME,26.00,,251400.91,PAYROLL_TAX,PAYG-PAY-20260327-EMP-HANA-CAFE-PARTTIME
099999123452,25/03/2026,WITHDRAWAL-OSKO PAYMENT Peak Local Marketing Pty Ltd CONTRACT-202603,1980.00,,251426.91,PAYMENT,BTP-000035
099999123452,22/03/2026,WITHDRAWAL-OSKO PAYMENT Cloud Software Vendors SOFT-202603,1045.00,,253406.91,PAYMENT,BTP-000034
099999123452,20/03/2026,SUPER CLEARING HOUSE Riley Retail Casual PAY-20260320-EMP-RILEY-RETAIL-CASUAL,99.57,,254451.91,SUPER,SUPER-PAY-20260320-EMP-RILEY-RETAIL-CASUAL
099999123452,20/03/2026,SUPER CLEARING HOUSE Priya Retail Supervisor PAY-20260320-EMP-PRIYA-RETAIL-SUP,144.28,,254551.48,SUPER,SUPER-PAY-20260320-EMP-PRIYA-RETAIL-SUP
099999123452,20/03/2026,SUPER CLEARING HOUSE Marco Hospitality Casual PAY-20260320-EMP-MARCO-HOSP-CASUAL,31.02,,254695.76,SUPER,SUPER-PAY-20260320-EMP-MARCO-HOSP-CASUAL
099999123452,20/03/2026,SUPER CLEARING HOUSE Hana Cafe Part-time PAY-20260320-EMP-HANA-CAFE-PARTTIME,62.04,,254726.78,SUPER,SUPER-PAY-20260320-EMP-HANA-CAFE-PARTTIME
099999123452,20/03/2026,PAYROLL NET WAGE Riley Retail Casual PAY-20260320-EMP-RILEY-RETAIL-CASUAL,737.75,,254788.82,PAYROLL,PAYNET-PAY-20260320-EMP-RILEY-RETAIL-CASUAL
099999123452,20/03/2026,PAYROLL NET WAGE Priya Retail Supervisor PAY-20260320-EMP-PRIYA-RETAIL-SUP,994.32,,255526.57,PAYROLL,PAYNET-PAY-20260320-EMP-PRIYA-RETAIL-SUP
099999123452,20/03/2026,PAYROLL NET WAGE Marco Hospitality Casual PAY-20260320-EMP-MARCO-HOSP-CASUAL,258.48,,256520.89,PAYROLL,PAYNET-PAY-20260320-EMP-MARCO-HOSP-CASUAL
099999123452,20/03/2026,PAYROLL NET WAGE Hana Cafe Part-time PAY-20260320-EMP-HANA-CAFE-PARTTIME,491.00,,256779.37,PAYROLL,PAYNET-PAY-20260320-EMP-HANA-CAFE-PARTTIME
099999123452,20/03/2026,PAYG WITHHOLDING REMITTANCE ATO Riley Retail Casual PAY-20260320-EMP-RILEY-RETAIL-CASUAL,92.00,,257270.37,PAYROLL_TAX,PAYG-PAY-20260320-EMP-RILEY-RETAIL-CASUAL
099999123452,20/03/2026,PAYG WITHHOLDING REMITTANCE ATO Priya Retail Supervisor PAY-20260320-EMP-PRIYA-RETAIL-SUP,208.00,,257362.37,PAYROLL_TAX,PAYG-PAY-20260320-EMP-PRIYA-RETAIL-SUP
099999123452,20/03/2026,PAYG WITHHOLDING REMITTANCE ATO Hana Cafe Part-time PAY-20260320-EMP-HANA-CAFE-PARTTIME,26.00,,257570.37,PAYROLL_TAX,PAYG-PAY-20260320-EMP-HANA-CAFE-PARTTIME
099999123452,18/03/2026,DEPOSIT OSKO PAYMENT Retail Client A INV-009,,48675.00,257596.37,DEP,BTR-000009
099999123452,16/03/2026,WITHDRAWAL-OSKO PAYMENT Harbour Property Trust RENT-202603,8580.00,,208921.37,PAYMENT,BTP-000033
099999123452,13/03/2026,SUPER CLEARING HOUSE Riley Retail Casual PAY-20260313-EMP-RILEY-RETAIL-CASUAL,99.57,,217501.37,SUPER,SUPER-PAY-20260313-EMP-RILEY-RETAIL-CASUAL
099999123452,13/03/2026,SUPER CLEARING HOUSE Priya Retail Supervisor PAY-20260313-EMP-PRIYA-RETAIL-SUP,144.28,,217600.94,SUPER,SUPER-PAY-20260313-EMP-PRIYA-RETAIL-SUP
099999123452,13/03/2026,SUPER CLEARING HOUSE Marco Hospitality Casual PAY-20260313-EMP-MARCO-HOSP-CASUAL,31.02,,217745.22,SUPER,SUPER-PAY-20260313-EMP-MARCO-HOSP-CASUAL
099999123452,13/03/2026,SUPER CLEARING HOUSE Hana Cafe Part-time PAY-20260313-EMP-HANA-CAFE-PARTTIME,62.04,,217776.24,SUPER,SUPER-PAY-20260313-EMP-HANA-CAFE-PARTTIME
099999123452,13/03/2026,PAYROLL NET WAGE Riley Retail Casual PAY-20260313-EMP-RILEY-RETAIL-CASUAL,737.75,,217838.28,PAYROLL,PAYNET-PAY-20260313-EMP-RILEY-RETAIL-CASUAL
099999123452,13/03/2026,PAYROLL NET WAGE Priya Retail Supervisor PAY-20260313-EMP-PRIYA-RETAIL-SUP,994.32,,218576.03,PAYROLL,PAYNET-PAY-20260313-EMP-PRIYA-RETAIL-SUP
099999123452,13/03/2026,PAYROLL NET WAGE Marco Hospitality Casual PAY-20260313-EMP-MARCO-HOSP-CASUAL,258.48,,219570.35,PAYROLL,PAYNET-PAY-20260313-EMP-MARCO-HOSP-CASUAL
099999123452,13/03/2026,PAYROLL NET WAGE Hana Cafe Part-time PAY-20260313-EMP-HANA-CAFE-PARTTIME,491.00,,219828.83,PAYROLL,PAYNET-PAY-20260313-EMP-HANA-CAFE-PARTTIME
099999123452,13/03/2026,PAYG WITHHOLDING REMITTANCE ATO Riley Retail Casual PAY-20260313-EMP-RILEY-RETAIL-CASUAL,92.00,,220319.83,PAYROLL_TAX,PAYG-PAY-20260313-EMP-RILEY-RETAIL-CASUAL
099999123452,13/03/2026,PAYG WITHHOLDING REMITTANCE ATO Priya Retail Supervisor PAY-20260313-EMP-PRIYA-RETAIL-SUP,208.00,,220411.83,PAYROLL_TAX,PAYG-PAY-20260313-EMP-PRIYA-RETAIL-SUP
099999123452,13/03/2026,PAYG WITHHOLDING REMITTANCE ATO Hana Cafe Part-time PAY-20260313-EMP-HANA-CAFE-PARTTIME,26.00,,220619.83,PAYROLL_TAX,PAYG-PAY-20260313-EMP-HANA-CAFE-PARTTIME
099999123452,06/03/2026,SUPER CLEARING HOUSE Riley Retail Casual PAY-20260306-EMP-RILEY-RETAIL-CASUAL,99.57,,220645.83,SUPER,SUPER-PAY-20260306-EMP-RILEY-RETAIL-CASUAL
099999123452,06/03/2026,SUPER CLEARING HOUSE Priya Retail Supervisor PAY-20260306-EMP-PRIYA-RETAIL-SUP,144.28,,220745.40,SUPER,SUPER-PAY-20260306-EMP-PRIYA-RETAIL-SUP
099999123452,06/03/2026,SUPER CLEARING HOUSE Marco Hospitality Casual PAY-20260306-EMP-MARCO-HOSP-CASUAL,54.29,,220889.68,SUPER,SUPER-PAY-20260306-EMP-MARCO-HOSP-CASUAL
099999123452,06/03/2026,SUPER CLEARING HOUSE Hana Cafe Part-time PAY-20260306-EMP-HANA-CAFE-PARTTIME,62.04,,220943.97,SUPER,SUPER-PAY-20260306-EMP-HANA-CAFE-PARTTIME
099999123452,06/03/2026,PAYROLL NET WAGE Riley Retail Casual PAY-20260306-EMP-RILEY-RETAIL-CASUAL,737.75,,221006.01,PAYROLL,PAYNET-PAY-20260306-EMP-RILEY-RETAIL-CASUAL
099999123452,06/03/2026,PAYROLL NET WAGE Priya Retail Supervisor PAY-20260306-EMP-PRIYA-RETAIL-SUP,994.32,,221743.76,PAYROLL,PAYNET-PAY-20260306-EMP-PRIYA-RETAIL-SUP
099999123452,06/03/2026,PAYROLL NET WAGE Marco Hospitality Casual PAY-20260306-EMP-MARCO-HOSP-CASUAL,438.38,,222738.08,PAYROLL,PAYNET-PAY-20260306-EMP-MARCO-HOSP-CASUAL
099999123452,06/03/2026,PAYROLL NET WAGE Hana Cafe Part-time PAY-20260306-EMP-HANA-CAFE-PARTTIME,491.00,,223176.46,PAYROLL,PAYNET-PAY-20260306-EMP-HANA-CAFE-PARTTIME
099999123452,06/03/2026,PAYG WITHHOLDING REMITTANCE ATO Riley Retail Casual PAY-20260306-EMP-RILEY-RETAIL-CASUAL,92.00,,223667.46,PAYROLL_TAX,PAYG-PAY-20260306-EMP-RILEY-RETAIL-CASUAL
099999123452,06/03/2026,PAYG WITHHOLDING REMITTANCE ATO Priya Retail Supervisor PAY-20260306-EMP-PRIYA-RETAIL-SUP,208.00,,223759.46,PAYROLL_TAX,PAYG-PAY-20260306-EMP-PRIYA-RETAIL-SUP
099999123452,06/03/2026,PAYG WITHHOLDING REMITTANCE ATO Marco Hospitality Casual PAY-20260306-EMP-MARCO-HOSP-CASUAL,14.00,,223967.46,PAYROLL_TAX,PAYG-PAY-20260306-EMP-MARCO-HOSP-CASUAL
099999123452,06/03/2026,PAYG WITHHOLDING REMITTANCE ATO Hana Cafe Part-time PAY-20260306-EMP-HANA-CAFE-PARTTIME,26.00,,223981.46,PAYROLL_TAX,PAYG-PAY-20260306-EMP-HANA-CAFE-PARTTIME
099999123452,06/03/2026,WITHDRAWAL-OSKO PAYMENT Bank BANKFEE-202602,35.00,,224007.46,PAYMENT,BTP-000032
099999123452,27/02/2026,SUPER CLEARING HOUSE Riley Retail Casual PAY-20260227-EMP-RILEY-RETAIL-CASUAL,99.57,,224042.46,SUPER,SUPER-PAY-20260227-EMP-RILEY-RETAIL-CASUAL
099999123452,27/02/2026,SUPER CLEARING HOUSE Priya Retail Supervisor PAY-20260227-EMP-PRIYA-RETAIL-SUP,144.28,,224142.03,SUPER,SUPER-PAY-20260227-EMP-PRIYA-RETAIL-SUP
099999123452,27/02/2026,SUPER CLEARING HOUSE Marco Hospitality Casual PAY-20260227-EMP-MARCO-HOSP-CASUAL,31.02,,224286.31,SUPER,SUPER-PAY-20260227-EMP-MARCO-HOSP-CASUAL
099999123452,27/02/2026,SUPER CLEARING HOUSE Hana Cafe Part-time PAY-20260227-EMP-HANA-CAFE-PARTTIME,62.04,,224317.33,SUPER,SUPER-PAY-20260227-EMP-HANA-CAFE-PARTTIME
099999123452,27/02/2026,PAYROLL NET WAGE Riley Retail Casual PAY-20260227-EMP-RILEY-RETAIL-CASUAL,737.75,,224379.37,PAYROLL,PAYNET-PAY-20260227-EMP-RILEY-RETAIL-CASUAL
099999123452,27/02/2026,PAYROLL NET WAGE Priya Retail Supervisor PAY-20260227-EMP-PRIYA-RETAIL-SUP,994.32,,225117.12,PAYROLL,PAYNET-PAY-20260227-EMP-PRIYA-RETAIL-SUP
099999123452,27/02/2026,PAYROLL NET WAGE Marco Hospitality Casual PAY-20260227-EMP-MARCO-HOSP-CASUAL,258.48,,226111.44,PAYROLL,PAYNET-PAY-20260227-EMP-MARCO-HOSP-CASUAL
099999123452,27/02/2026,PAYROLL NET WAGE Hana Cafe Part-time PAY-20260227-EMP-HANA-CAFE-PARTTIME,491.00,,226369.92,PAYROLL,PAYNET-PAY-20260227-EMP-HANA-CAFE-PARTTIME
099999123452,27/02/2026,PAYG WITHHOLDING REMITTANCE ATO Riley Retail Casual PAY-20260227-EMP-RILEY-RETAIL-CASUAL,92.00,,226860.92,PAYROLL_TAX,PAYG-PAY-20260227-EMP-RILEY-RETAIL-CASUAL
099999123452,27/02/2026,PAYG WITHHOLDING REMITTANCE ATO Priya Retail Supervisor PAY-20260227-EMP-PRIYA-RETAIL-SUP,208.00,,226952.92,PAYROLL_TAX,PAYG-PAY-20260227-EMP-PRIYA-RETAIL-SUP
099999123452,27/02/2026,PAYG WITHHOLDING REMITTANCE ATO Hana Cafe Part-time PAY-20260227-EMP-HANA-CAFE-PARTTIME,26.00,,227160.92,PAYROLL_TAX,PAYG-PAY-20260227-EMP-HANA-CAFE-PARTTIME
099999123452,25/02/2026,WITHDRAWAL-OSKO PAYMENT Peak Local Marketing Pty Ltd CONTRACT-202602,1980.00,,227186.92,PAYMENT,BTP-000031
099999123452,22/02/2026,WITHDRAWAL-OSKO PAYMENT Cloud Software Vendors SOFT-202602,1045.00,,229166.92,PAYMENT,BTP-000030
099999123452,20/02/2026,SUPER CLEARING HOUSE Riley Retail Casual PAY-20260220-EMP-RILEY-RETAIL-CASUAL,99.57,,230211.92,SUPER,SUPER-PAY-20260220-EMP-RILEY-RETAIL-CASUAL
099999123452,20/02/2026,SUPER CLEARING HOUSE Priya Retail Supervisor PAY-20260220-EMP-PRIYA-RETAIL-SUP,144.28,,230311.49,SUPER,SUPER-PAY-20260220-EMP-PRIYA-RETAIL-SUP
099999123452,20/02/2026,SUPER CLEARING HOUSE Marco Hospitality Casual PAY-20260220-EMP-MARCO-HOSP-CASUAL,31.02,,230455.77,SUPER,SUPER-PAY-20260220-EMP-MARCO-HOSP-CASUAL
099999123452,20/02/2026,SUPER CLEARING HOUSE Hana Cafe Part-time PAY-20260220-EMP-HANA-CAFE-PARTTIME,62.04,,230486.79,SUPER,SUPER-PAY-20260220-EMP-HANA-CAFE-PARTTIME
099999123452,20/02/2026,PAYROLL NET WAGE Riley Retail Casual PAY-20260220-EMP-RILEY-RETAIL-CASUAL,737.75,,230548.83,PAYROLL,PAYNET-PAY-20260220-EMP-RILEY-RETAIL-CASUAL
099999123452,20/02/2026,PAYROLL NET WAGE Priya Retail Supervisor PAY-20260220-EMP-PRIYA-RETAIL-SUP,994.32,,231286.58,PAYROLL,PAYNET-PAY-20260220-EMP-PRIYA-RETAIL-SUP
099999123452,20/02/2026,PAYROLL NET WAGE Marco Hospitality Casual PAY-20260220-EMP-MARCO-HOSP-CASUAL,258.48,,232280.90,PAYROLL,PAYNET-PAY-20260220-EMP-MARCO-HOSP-CASUAL
099999123452,20/02/2026,PAYROLL NET WAGE Hana Cafe Part-time PAY-20260220-EMP-HANA-CAFE-PARTTIME,491.00,,232539.38,PAYROLL,PAYNET-PAY-20260220-EMP-HANA-CAFE-PARTTIME
099999123452,20/02/2026,PAYG WITHHOLDING REMITTANCE ATO Riley Retail Casual PAY-20260220-EMP-RILEY-RETAIL-CASUAL,92.00,,233030.38,PAYROLL_TAX,PAYG-PAY-20260220-EMP-RILEY-RETAIL-CASUAL
099999123452,20/02/2026,PAYG WITHHOLDING REMITTANCE ATO Priya Retail Supervisor PAY-20260220-EMP-PRIYA-RETAIL-SUP,208.00,,233122.38,PAYROLL_TAX,PAYG-PAY-20260220-EMP-PRIYA-RETAIL-SUP
099999123452,20/02/2026,PAYG WITHHOLDING REMITTANCE ATO Hana Cafe Part-time PAY-20260220-EMP-HANA-CAFE-PARTTIME,26.00,,233330.38,PAYROLL_TAX,PAYG-PAY-20260220-EMP-HANA-CAFE-PARTTIME
099999123452,18/02/2026,DEPOSIT OSKO PAYMENT Retail Client C INV-008,,48400.00,233356.38,DEP,BTR-000008
099999123452,16/02/2026,WITHDRAWAL-OSKO PAYMENT Harbour Property Trust RENT-202602,8580.00,,184956.38,PAYMENT,BTP-000029
099999123452,13/02/2026,SUPER CLEARING HOUSE Riley Retail Casual PAY-20260213-EMP-RILEY-RETAIL-CASUAL,99.57,,193536.38,SUPER,SUPER-PAY-20260213-EMP-RILEY-RETAIL-CASUAL
099999123452,13/02/2026,SUPER CLEARING HOUSE Priya Retail Supervisor PAY-20260213-EMP-PRIYA-RETAIL-SUP,144.28,,193635.95,SUPER,SUPER-PAY-20260213-EMP-PRIYA-RETAIL-SUP
099999123452,13/02/2026,SUPER CLEARING HOUSE Marco Hospitality Casual PAY-20260213-EMP-MARCO-HOSP-CASUAL,31.02,,193780.23,SUPER,SUPER-PAY-20260213-EMP-MARCO-HOSP-CASUAL
099999123452,13/02/2026,SUPER CLEARING HOUSE Hana Cafe Part-time PAY-20260213-EMP-HANA-CAFE-PARTTIME,62.04,,193811.25,SUPER,SUPER-PAY-20260213-EMP-HANA-CAFE-PARTTIME
099999123452,13/02/2026,PAYROLL NET WAGE Riley Retail Casual PAY-20260213-EMP-RILEY-RETAIL-CASUAL,737.75,,193873.29,PAYROLL,PAYNET-PAY-20260213-EMP-RILEY-RETAIL-CASUAL
099999123452,13/02/2026,PAYROLL NET WAGE Priya Retail Supervisor PAY-20260213-EMP-PRIYA-RETAIL-SUP,994.32,,194611.04,PAYROLL,PAYNET-PAY-20260213-EMP-PRIYA-RETAIL-SUP
099999123452,13/02/2026,PAYROLL NET WAGE Marco Hospitality Casual PAY-20260213-EMP-MARCO-HOSP-CASUAL,258.48,,195605.36,PAYROLL,PAYNET-PAY-20260213-EMP-MARCO-HOSP-CASUAL
099999123452,13/02/2026,PAYROLL NET WAGE Hana Cafe Part-time PAY-20260213-EMP-HANA-CAFE-PARTTIME,491.00,,195863.84,PAYROLL,PAYNET-PAY-20260213-EMP-HANA-CAFE-PARTTIME
099999123452,13/02/2026,PAYG WITHHOLDING REMITTANCE ATO Riley Retail Casual PAY-20260213-EMP-RILEY-RETAIL-CASUAL,92.00,,196354.84,PAYROLL_TAX,PAYG-PAY-20260213-EMP-RILEY-RETAIL-CASUAL
099999123452,13/02/2026,PAYG WITHHOLDING REMITTANCE ATO Priya Retail Supervisor PAY-20260213-EMP-PRIYA-RETAIL-SUP,208.00,,196446.84,PAYROLL_TAX,PAYG-PAY-20260213-EMP-PRIYA-RETAIL-SUP
099999123452,13/02/2026,PAYG WITHHOLDING REMITTANCE ATO Hana Cafe Part-time PAY-20260213-EMP-HANA-CAFE-PARTTIME,26.00,,196654.84,PAYROLL_TAX,PAYG-PAY-20260213-EMP-HANA-CAFE-PARTTIME
099999123452,06/02/2026,SUPER CLEARING HOUSE Riley Retail Casual PAY-20260206-EMP-RILEY-RETAIL-CASUAL,99.57,,196680.84,SUPER,SUPER-PAY-20260206-EMP-RILEY-RETAIL-CASUAL
099999123452,06/02/2026,SUPER CLEARING HOUSE Priya Retail Supervisor PAY-20260206-EMP-PRIYA-RETAIL-SUP,144.28,,196780.41,SUPER,SUPER-PAY-20260206-EMP-PRIYA-RETAIL-SUP
099999123452,06/02/2026,SUPER CLEARING HOUSE Marco Hospitality Casual PAY-20260206-EMP-MARCO-HOSP-CASUAL,54.29,,196924.69,SUPER,SUPER-PAY-20260206-EMP-MARCO-HOSP-CASUAL
099999123452,06/02/2026,SUPER CLEARING HOUSE Hana Cafe Part-time PAY-20260206-EMP-HANA-CAFE-PARTTIME,62.04,,196978.98,SUPER,SUPER-PAY-20260206-EMP-HANA-CAFE-PARTTIME
099999123452,06/02/2026,PAYROLL NET WAGE Riley Retail Casual PAY-20260206-EMP-RILEY-RETAIL-CASUAL,737.75,,197041.02,PAYROLL,PAYNET-PAY-20260206-EMP-RILEY-RETAIL-CASUAL
099999123452,06/02/2026,PAYROLL NET WAGE Priya Retail Supervisor PAY-20260206-EMP-PRIYA-RETAIL-SUP,994.32,,197778.77,PAYROLL,PAYNET-PAY-20260206-EMP-PRIYA-RETAIL-SUP
099999123452,06/02/2026,PAYROLL NET WAGE Marco Hospitality Casual PAY-20260206-EMP-MARCO-HOSP-CASUAL,438.38,,198773.09,PAYROLL,PAYNET-PAY-20260206-EMP-MARCO-HOSP-CASUAL
099999123452,06/02/2026,PAYROLL NET WAGE Hana Cafe Part-time PAY-20260206-EMP-HANA-CAFE-PARTTIME,491.00,,199211.47,PAYROLL,PAYNET-PAY-20260206-EMP-HANA-CAFE-PARTTIME
099999123452,06/02/2026,PAYG WITHHOLDING REMITTANCE ATO Riley Retail Casual PAY-20260206-EMP-RILEY-RETAIL-CASUAL,92.00,,199702.47,PAYROLL_TAX,PAYG-PAY-20260206-EMP-RILEY-RETAIL-CASUAL
099999123452,06/02/2026,PAYG WITHHOLDING REMITTANCE ATO Priya Retail Supervisor PAY-20260206-EMP-PRIYA-RETAIL-SUP,208.00,,199794.47,PAYROLL_TAX,PAYG-PAY-20260206-EMP-PRIYA-RETAIL-SUP
099999123452,06/02/2026,PAYG WITHHOLDING REMITTANCE ATO Marco Hospitality Casual PAY-20260206-EMP-MARCO-HOSP-CASUAL,14.00,,200002.47,PAYROLL_TAX,PAYG-PAY-20260206-EMP-MARCO-HOSP-CASUAL
099999123452,06/02/2026,PAYG WITHHOLDING REMITTANCE ATO Hana Cafe Part-time PAY-20260206-EMP-HANA-CAFE-PARTTIME,26.00,,200016.47,PAYROLL_TAX,PAYG-PAY-20260206-EMP-HANA-CAFE-PARTTIME
099999123452,03/02/2026,WITHDRAWAL-OSKO PAYMENT Bank BANKFEE-202601,35.00,,200042.47,PAYMENT,BTP-000028
099999123452,30/01/2026,SUPER CLEARING HOUSE Riley Retail Casual PAY-20260130-EMP-RILEY-RETAIL-CASUAL,99.57,,200077.47,SUPER,SUPER-PAY-20260130-EMP-RILEY-RETAIL-CASUAL
099999123452,30/01/2026,SUPER CLEARING HOUSE Priya Retail Supervisor PAY-20260130-EMP-PRIYA-RETAIL-SUP,144.28,,200177.04,SUPER,SUPER-PAY-20260130-EMP-PRIYA-RETAIL-SUP
099999123452,30/01/2026,SUPER CLEARING HOUSE Marco Hospitality Casual PAY-20260130-EMP-MARCO-HOSP-CASUAL,31.02,,200321.32,SUPER,SUPER-PAY-20260130-EMP-MARCO-HOSP-CASUAL
099999123452,30/01/2026,SUPER CLEARING HOUSE Hana Cafe Part-time PAY-20260130-EMP-HANA-CAFE-PARTTIME,62.04,,200352.34,SUPER,SUPER-PAY-20260130-EMP-HANA-CAFE-PARTTIME
099999123452,30/01/2026,PAYROLL NET WAGE Riley Retail Casual PAY-20260130-EMP-RILEY-RETAIL-CASUAL,737.75,,200414.38,PAYROLL,PAYNET-PAY-20260130-EMP-RILEY-RETAIL-CASUAL
099999123452,30/01/2026,PAYROLL NET WAGE Priya Retail Supervisor PAY-20260130-EMP-PRIYA-RETAIL-SUP,994.32,,201152.13,PAYROLL,PAYNET-PAY-20260130-EMP-PRIYA-RETAIL-SUP
099999123452,30/01/2026,PAYROLL NET WAGE Marco Hospitality Casual PAY-20260130-EMP-MARCO-HOSP-CASUAL,258.48,,202146.45,PAYROLL,PAYNET-PAY-20260130-EMP-MARCO-HOSP-CASUAL
099999123452,30/01/2026,PAYROLL NET WAGE Hana Cafe Part-time PAY-20260130-EMP-HANA-CAFE-PARTTIME,491.00,,202404.93,PAYROLL,PAYNET-PAY-20260130-EMP-HANA-CAFE-PARTTIME
099999123452,30/01/2026,PAYG WITHHOLDING REMITTANCE ATO Riley Retail Casual PAY-20260130-EMP-RILEY-RETAIL-CASUAL,92.00,,202895.93,PAYROLL_TAX,PAYG-PAY-20260130-EMP-RILEY-RETAIL-CASUAL
099999123452,30/01/2026,PAYG WITHHOLDING REMITTANCE ATO Priya Retail Supervisor PAY-20260130-EMP-PRIYA-RETAIL-SUP,208.00,,202987.93,PAYROLL_TAX,PAYG-PAY-20260130-EMP-PRIYA-RETAIL-SUP
099999123452,30/01/2026,PAYG WITHHOLDING REMITTANCE ATO Hana Cafe Part-time PAY-20260130-EMP-HANA-CAFE-PARTTIME,26.00,,203195.93,PAYROLL_TAX,PAYG-PAY-20260130-EMP-HANA-CAFE-PARTTIME
099999123452,25/01/2026,WITHDRAWAL-OSKO PAYMENT Peak Local Marketing Pty Ltd CONTRACT-202601,1980.00,,203221.93,PAYMENT,BTP-000027
099999123452,23/01/2026,SUPER CLEARING HOUSE Riley Retail Casual PAY-20260123-EMP-RILEY-RETAIL-CASUAL,99.57,,205201.93,SUPER,SUPER-PAY-20260123-EMP-RILEY-RETAIL-CASUAL
099999123452,23/01/2026,SUPER CLEARING HOUSE Priya Retail Supervisor PAY-20260123-EMP-PRIYA-RETAIL-SUP,144.28,,205301.50,SUPER,SUPER-PAY-20260123-EMP-PRIYA-RETAIL-SUP
099999123452,23/01/2026,SUPER CLEARING HOUSE Marco Hospitality Casual PAY-20260123-EMP-MARCO-HOSP-CASUAL,31.02,,205445.78,SUPER,SUPER-PAY-20260123-EMP-MARCO-HOSP-CASUAL
099999123452,23/01/2026,SUPER CLEARING HOUSE Hana Cafe Part-time PAY-20260123-EMP-HANA-CAFE-PARTTIME,62.04,,205476.80,SUPER,SUPER-PAY-20260123-EMP-HANA-CAFE-PARTTIME
099999123452,23/01/2026,PAYROLL NET WAGE Riley Retail Casual PAY-20260123-EMP-RILEY-RETAIL-CASUAL,737.75,,205538.84,PAYROLL,PAYNET-PAY-20260123-EMP-RILEY-RETAIL-CASUAL
099999123452,23/01/2026,PAYROLL NET WAGE Priya Retail Supervisor PAY-20260123-EMP-PRIYA-RETAIL-SUP,994.32,,206276.59,PAYROLL,PAYNET-PAY-20260123-EMP-PRIYA-RETAIL-SUP
099999123452,23/01/2026,PAYROLL NET WAGE Marco Hospitality Casual PAY-20260123-EMP-MARCO-HOSP-CASUAL,258.48,,207270.91,PAYROLL,PAYNET-PAY-20260123-EMP-MARCO-HOSP-CASUAL
099999123452,23/01/2026,PAYROLL NET WAGE Hana Cafe Part-time PAY-20260123-EMP-HANA-CAFE-PARTTIME,491.00,,207529.39,PAYROLL,PAYNET-PAY-20260123-EMP-HANA-CAFE-PARTTIME
099999123452,23/01/2026,PAYG WITHHOLDING REMITTANCE ATO Riley Retail Casual PAY-20260123-EMP-RILEY-RETAIL-CASUAL,92.00,,208020.39,PAYROLL_TAX,PAYG-PAY-20260123-EMP-RILEY-RETAIL-CASUAL
099999123452,23/01/2026,PAYG WITHHOLDING REMITTANCE ATO Priya Retail Supervisor PAY-20260123-EMP-PRIYA-RETAIL-SUP,208.00,,208112.39,PAYROLL_TAX,PAYG-PAY-20260123-EMP-PRIYA-RETAIL-SUP
099999123452,23/01/2026,PAYG WITHHOLDING REMITTANCE ATO Hana Cafe Part-time PAY-20260123-EMP-HANA-CAFE-PARTTIME,26.00,,208320.39,PAYROLL_TAX,PAYG-PAY-20260123-EMP-HANA-CAFE-PARTTIME
099999123452,22/01/2026,WITHDRAWAL-OSKO PAYMENT Cloud Software Vendors SOFT-202601,1045.00,,208346.39,PAYMENT,BTP-000026
099999123452,18/01/2026,DEPOSIT OSKO PAYMENT Retail Client B INV-007,,48125.00,209391.39,DEP,BTR-000007
099999123452,16/01/2026,SUPER CLEARING HOUSE Riley Retail Casual PAY-20260116-EMP-RILEY-RETAIL-CASUAL,99.57,,161266.39,SUPER,SUPER-PAY-20260116-EMP-RILEY-RETAIL-CASUAL
099999123452,16/01/2026,SUPER CLEARING HOUSE Priya Retail Supervisor PAY-20260116-EMP-PRIYA-RETAIL-SUP,144.28,,161365.96,SUPER,SUPER-PAY-20260116-EMP-PRIYA-RETAIL-SUP
099999123452,16/01/2026,SUPER CLEARING HOUSE Marco Hospitality Casual PAY-20260116-EMP-MARCO-HOSP-CASUAL,31.02,,161510.24,SUPER,SUPER-PAY-20260116-EMP-MARCO-HOSP-CASUAL
099999123452,16/01/2026,SUPER CLEARING HOUSE Hana Cafe Part-time PAY-20260116-EMP-HANA-CAFE-PARTTIME,62.04,,161541.26,SUPER,SUPER-PAY-20260116-EMP-HANA-CAFE-PARTTIME
099999123452,16/01/2026,PAYROLL NET WAGE Riley Retail Casual PAY-20260116-EMP-RILEY-RETAIL-CASUAL,737.75,,161603.30,PAYROLL,PAYNET-PAY-20260116-EMP-RILEY-RETAIL-CASUAL
099999123452,16/01/2026,PAYROLL NET WAGE Priya Retail Supervisor PAY-20260116-EMP-PRIYA-RETAIL-SUP,994.32,,162341.05,PAYROLL,PAYNET-PAY-20260116-EMP-PRIYA-RETAIL-SUP
099999123452,16/01/2026,PAYROLL NET WAGE Marco Hospitality Casual PAY-20260116-EMP-MARCO-HOSP-CASUAL,258.48,,163335.37,PAYROLL,PAYNET-PAY-20260116-EMP-MARCO-HOSP-CASUAL
099999123452,16/01/2026,PAYROLL NET WAGE Hana Cafe Part-time PAY-20260116-EMP-HANA-CAFE-PARTTIME,491.00,,163593.85,PAYROLL,PAYNET-PAY-20260116-EMP-HANA-CAFE-PARTTIME
099999123452,16/01/2026,PAYG WITHHOLDING REMITTANCE ATO Riley Retail Casual PAY-20260116-EMP-RILEY-RETAIL-CASUAL,92.00,,164084.85,PAYROLL_TAX,PAYG-PAY-20260116-EMP-RILEY-RETAIL-CASUAL
099999123452,16/01/2026,PAYG WITHHOLDING REMITTANCE ATO Priya Retail Supervisor PAY-20260116-EMP-PRIYA-RETAIL-SUP,208.00,,164176.85,PAYROLL_TAX,PAYG-PAY-20260116-EMP-PRIYA-RETAIL-SUP
099999123452,16/01/2026,PAYG WITHHOLDING REMITTANCE ATO Hana Cafe Part-time PAY-20260116-EMP-HANA-CAFE-PARTTIME,26.00,,164384.85,PAYROLL_TAX,PAYG-PAY-20260116-EMP-HANA-CAFE-PARTTIME
099999123452,16/01/2026,WITHDRAWAL-OSKO PAYMENT Harbour Property Trust RENT-202601,8580.00,,164410.85,PAYMENT,BTP-000025
099999123452,09/01/2026,SUPER CLEARING HOUSE Riley Retail Casual PAY-20260109-EMP-RILEY-RETAIL-CASUAL,99.57,,172990.85,SUPER,SUPER-PAY-20260109-EMP-RILEY-RETAIL-CASUAL
099999123452,09/01/2026,SUPER CLEARING HOUSE Priya Retail Supervisor PAY-20260109-EMP-PRIYA-RETAIL-SUP,144.28,,173090.42,SUPER,SUPER-PAY-20260109-EMP-PRIYA-RETAIL-SUP
099999123452,09/01/2026,SUPER CLEARING HOUSE Marco Hospitality Casual PAY-20260109-EMP-MARCO-HOSP-CASUAL,54.29,,173234.70,SUPER,SUPER-PAY-20260109-EMP-MARCO-HOSP-CASUAL
099999123452,09/01/2026,SUPER CLEARING HOUSE Hana Cafe Part-time PAY-20260109-EMP-HANA-CAFE-PARTTIME,62.04,,173288.99,SUPER,SUPER-PAY-20260109-EMP-HANA-CAFE-PARTTIME
099999123452,09/01/2026,PAYROLL NET WAGE Riley Retail Casual PAY-20260109-EMP-RILEY-RETAIL-CASUAL,737.75,,173351.03,PAYROLL,PAYNET-PAY-20260109-EMP-RILEY-RETAIL-CASUAL
099999123452,09/01/2026,PAYROLL NET WAGE Priya Retail Supervisor PAY-20260109-EMP-PRIYA-RETAIL-SUP,994.32,,174088.78,PAYROLL,PAYNET-PAY-20260109-EMP-PRIYA-RETAIL-SUP
099999123452,09/01/2026,PAYROLL NET WAGE Marco Hospitality Casual PAY-20260109-EMP-MARCO-HOSP-CASUAL,438.38,,175083.10,PAYROLL,PAYNET-PAY-20260109-EMP-MARCO-HOSP-CASUAL
099999123452,09/01/2026,PAYROLL NET WAGE Hana Cafe Part-time PAY-20260109-EMP-HANA-CAFE-PARTTIME,491.00,,175521.48,PAYROLL,PAYNET-PAY-20260109-EMP-HANA-CAFE-PARTTIME
099999123452,09/01/2026,PAYG WITHHOLDING REMITTANCE ATO Riley Retail Casual PAY-20260109-EMP-RILEY-RETAIL-CASUAL,92.00,,176012.48,PAYROLL_TAX,PAYG-PAY-20260109-EMP-RILEY-RETAIL-CASUAL
099999123452,09/01/2026,PAYG WITHHOLDING REMITTANCE ATO Priya Retail Supervisor PAY-20260109-EMP-PRIYA-RETAIL-SUP,208.00,,176104.48,PAYROLL_TAX,PAYG-PAY-20260109-EMP-PRIYA-RETAIL-SUP
099999123452,09/01/2026,PAYG WITHHOLDING REMITTANCE ATO Marco Hospitality Casual PAY-20260109-EMP-MARCO-HOSP-CASUAL,14.00,,176312.48,PAYROLL_TAX,PAYG-PAY-20260109-EMP-MARCO-HOSP-CASUAL
099999123452,09/01/2026,PAYG WITHHOLDING REMITTANCE ATO Hana Cafe Part-time PAY-20260109-EMP-HANA-CAFE-PARTTIME,26.00,,176326.48,PAYROLL_TAX,PAYG-PAY-20260109-EMP-HANA-CAFE-PARTTIME
099999123452,03/01/2026,WITHDRAWAL-OSKO PAYMENT Bank BANKFEE-202512,35.00,,176352.48,PAYMENT,BTP-000024
099999123452,02/01/2026,SUPER CLEARING HOUSE Riley Retail Casual PAY-20260102-EMP-RILEY-RETAIL-CASUAL,99.57,,176387.48,SUPER,SUPER-PAY-20260102-EMP-RILEY-RETAIL-CASUAL
099999123452,02/01/2026,SUPER CLEARING HOUSE Priya Retail Supervisor PAY-20260102-EMP-PRIYA-RETAIL-SUP,144.28,,176487.05,SUPER,SUPER-PAY-20260102-EMP-PRIYA-RETAIL-SUP
099999123452,02/01/2026,SUPER CLEARING HOUSE Marco Hospitality Casual PAY-20260102-EMP-MARCO-HOSP-CASUAL,31.02,,176631.33,SUPER,SUPER-PAY-20260102-EMP-MARCO-HOSP-CASUAL
099999123452,02/01/2026,SUPER CLEARING HOUSE Hana Cafe Part-time PAY-20260102-EMP-HANA-CAFE-PARTTIME,62.04,,176662.35,SUPER,SUPER-PAY-20260102-EMP-HANA-CAFE-PARTTIME
099999123452,02/01/2026,PAYROLL NET WAGE Riley Retail Casual PAY-20260102-EMP-RILEY-RETAIL-CASUAL,737.75,,176724.39,PAYROLL,PAYNET-PAY-20260102-EMP-RILEY-RETAIL-CASUAL
099999123452,02/01/2026,PAYROLL NET WAGE Priya Retail Supervisor PAY-20260102-EMP-PRIYA-RETAIL-SUP,994.32,,177462.14,PAYROLL,PAYNET-PAY-20260102-EMP-PRIYA-RETAIL-SUP
099999123452,02/01/2026,PAYROLL NET WAGE Marco Hospitality Casual PAY-20260102-EMP-MARCO-HOSP-CASUAL,258.48,,178456.46,PAYROLL,PAYNET-PAY-20260102-EMP-MARCO-HOSP-CASUAL
099999123452,02/01/2026,PAYROLL NET WAGE Hana Cafe Part-time PAY-20260102-EMP-HANA-CAFE-PARTTIME,491.00,,178714.94,PAYROLL,PAYNET-PAY-20260102-EMP-HANA-CAFE-PARTTIME
099999123452,02/01/2026,PAYG WITHHOLDING REMITTANCE ATO Riley Retail Casual PAY-20260102-EMP-RILEY-RETAIL-CASUAL,92.00,,179205.94,PAYROLL_TAX,PAYG-PAY-20260102-EMP-RILEY-RETAIL-CASUAL
099999123452,02/01/2026,PAYG WITHHOLDING REMITTANCE ATO Priya Retail Supervisor PAY-20260102-EMP-PRIYA-RETAIL-SUP,208.00,,179297.94,PAYROLL_TAX,PAYG-PAY-20260102-EMP-PRIYA-RETAIL-SUP
099999123452,02/01/2026,PAYG WITHHOLDING REMITTANCE ATO Hana Cafe Part-time PAY-20260102-EMP-HANA-CAFE-PARTTIME,26.00,,179505.94,PAYROLL_TAX,PAYG-PAY-20260102-EMP-HANA-CAFE-PARTTIME
099999123452,26/12/2025,SUPER CLEARING HOUSE Riley Retail Casual PAY-20251226-EMP-RILEY-RETAIL-CASUAL,99.57,,179531.94,SUPER,SUPER-PAY-20251226-EMP-RILEY-RETAIL-CASUAL
099999123452,26/12/2025,SUPER CLEARING HOUSE Priya Retail Supervisor PAY-20251226-EMP-PRIYA-RETAIL-SUP,144.28,,179631.51,SUPER,SUPER-PAY-20251226-EMP-PRIYA-RETAIL-SUP
099999123452,26/12/2025,SUPER CLEARING HOUSE Marco Hospitality Casual PAY-20251226-EMP-MARCO-HOSP-CASUAL,62.04,,179775.79,SUPER,SUPER-PAY-20251226-EMP-MARCO-HOSP-CASUAL
099999123452,26/12/2025,SUPER CLEARING HOUSE Hana Cafe Part-time PAY-20251226-EMP-HANA-CAFE-PARTTIME,62.04,,179837.83,SUPER,SUPER-PAY-20251226-EMP-HANA-CAFE-PARTTIME
099999123452,26/12/2025,PAYROLL NET WAGE Riley Retail Casual PAY-20251226-EMP-RILEY-RETAIL-CASUAL,737.75,,179899.87,PAYROLL,PAYNET-PAY-20251226-EMP-RILEY-RETAIL-CASUAL
099999123452,26/12/2025,PAYROLL NET WAGE Priya Retail Supervisor PAY-20251226-EMP-PRIYA-RETAIL-SUP,994.32,,180637.62,PAYROLL,PAYNET-PAY-20251226-EMP-PRIYA-RETAIL-SUP
099999123452,26/12/2025,PAYROLL NET WAGE Marco Hospitality Casual PAY-20251226-EMP-MARCO-HOSP-CASUAL,491.00,,181631.94,PAYROLL,PAYNET-PAY-20251226-EMP-MARCO-HOSP-CASUAL
099999123452,26/12/2025,PAYROLL NET WAGE Hana Cafe Part-time PAY-20251226-EMP-HANA-CAFE-PARTTIME,491.00,,182122.94,PAYROLL,PAYNET-PAY-20251226-EMP-HANA-CAFE-PARTTIME
099999123452,26/12/2025,PAYG WITHHOLDING REMITTANCE ATO Riley Retail Casual PAY-20251226-EMP-RILEY-RETAIL-CASUAL,92.00,,182613.94,PAYROLL_TAX,PAYG-PAY-20251226-EMP-RILEY-RETAIL-CASUAL
099999123452,26/12/2025,PAYG WITHHOLDING REMITTANCE ATO Priya Retail Supervisor PAY-20251226-EMP-PRIYA-RETAIL-SUP,208.00,,182705.94,PAYROLL_TAX,PAYG-PAY-20251226-EMP-PRIYA-RETAIL-SUP
099999123452,26/12/2025,PAYG WITHHOLDING REMITTANCE ATO Marco Hospitality Casual PAY-20251226-EMP-MARCO-HOSP-CASUAL,26.00,,182913.94,PAYROLL_TAX,PAYG-PAY-20251226-EMP-MARCO-HOSP-CASUAL
099999123452,26/12/2025,PAYG WITHHOLDING REMITTANCE ATO Hana Cafe Part-time PAY-20251226-EMP-HANA-CAFE-PARTTIME,26.00,,182939.94,PAYROLL_TAX,PAYG-PAY-20251226-EMP-HANA-CAFE-PARTTIME
099999123452,25/12/2025,WITHDRAWAL-OSKO PAYMENT Peak Local Marketing Pty Ltd CONTRACT-202512,1980.00,,182965.94,PAYMENT,BTP-000023
099999123452,22/12/2025,WITHDRAWAL-OSKO PAYMENT Cloud Software Vendors SOFT-202512,1045.00,,184945.94,PAYMENT,BTP-000022
099999123452,19/12/2025,SUPER CLEARING HOUSE Riley Retail Casual PAY-20251219-EMP-RILEY-RETAIL-CASUAL,99.57,,185990.94,SUPER,SUPER-PAY-20251219-EMP-RILEY-RETAIL-CASUAL
099999123452,19/12/2025,SUPER CLEARING HOUSE Priya Retail Supervisor PAY-20251219-EMP-PRIYA-RETAIL-SUP,144.28,,186090.51,SUPER,SUPER-PAY-20251219-EMP-PRIYA-RETAIL-SUP
099999123452,19/12/2025,SUPER CLEARING HOUSE Marco Hospitality Casual PAY-20251219-EMP-MARCO-HOSP-CASUAL,31.02,,186234.79,SUPER,SUPER-PAY-20251219-EMP-MARCO-HOSP-CASUAL
099999123452,19/12/2025,SUPER CLEARING HOUSE Hana Cafe Part-time PAY-20251219-EMP-HANA-CAFE-PARTTIME,62.04,,186265.81,SUPER,SUPER-PAY-20251219-EMP-HANA-CAFE-PARTTIME
099999123452,19/12/2025,PAYROLL NET WAGE Riley Retail Casual PAY-20251219-EMP-RILEY-RETAIL-CASUAL,737.75,,186327.85,PAYROLL,PAYNET-PAY-20251219-EMP-RILEY-RETAIL-CASUAL
099999123452,19/12/2025,PAYROLL NET WAGE Priya Retail Supervisor PAY-20251219-EMP-PRIYA-RETAIL-SUP,994.32,,187065.60,PAYROLL,PAYNET-PAY-20251219-EMP-PRIYA-RETAIL-SUP
099999123452,19/12/2025,PAYROLL NET WAGE Marco Hospitality Casual PAY-20251219-EMP-MARCO-HOSP-CASUAL,258.48,,188059.92,PAYROLL,PAYNET-PAY-20251219-EMP-MARCO-HOSP-CASUAL
099999123452,19/12/2025,PAYROLL NET WAGE Hana Cafe Part-time PAY-20251219-EMP-HANA-CAFE-PARTTIME,491.00,,188318.40,PAYROLL,PAYNET-PAY-20251219-EMP-HANA-CAFE-PARTTIME
099999123452,19/12/2025,PAYG WITHHOLDING REMITTANCE ATO Riley Retail Casual PAY-20251219-EMP-RILEY-RETAIL-CASUAL,92.00,,188809.40,PAYROLL_TAX,PAYG-PAY-20251219-EMP-RILEY-RETAIL-CASUAL
099999123452,19/12/2025,PAYG WITHHOLDING REMITTANCE ATO Priya Retail Supervisor PAY-20251219-EMP-PRIYA-RETAIL-SUP,208.00,,188901.40,PAYROLL_TAX,PAYG-PAY-20251219-EMP-PRIYA-RETAIL-SUP
099999123452,19/12/2025,PAYG WITHHOLDING REMITTANCE ATO Hana Cafe Part-time PAY-20251219-EMP-HANA-CAFE-PARTTIME,26.00,,189109.40,PAYROLL_TAX,PAYG-PAY-20251219-EMP-HANA-CAFE-PARTTIME
099999123452,18/12/2025,DEPOSIT OSKO PAYMENT Retail Client A INV-006,,47850.00,189135.40,DEP,BTR-000006
099999123452,16/12/2025,WITHDRAWAL-OSKO PAYMENT Harbour Property Trust RENT-202512,8580.00,,141285.40,PAYMENT,BTP-000021
099999123452,12/12/2025,SUPER CLEARING HOUSE Riley Retail Casual PAY-20251212-EMP-RILEY-RETAIL-CASUAL,99.57,,149865.40,SUPER,SUPER-PAY-20251212-EMP-RILEY-RETAIL-CASUAL
099999123452,12/12/2025,SUPER CLEARING HOUSE Priya Retail Supervisor PAY-20251212-EMP-PRIYA-RETAIL-SUP,144.28,,149964.97,SUPER,SUPER-PAY-20251212-EMP-PRIYA-RETAIL-SUP
099999123452,12/12/2025,SUPER CLEARING HOUSE Marco Hospitality Casual PAY-20251212-EMP-MARCO-HOSP-CASUAL,54.29,,150109.25,SUPER,SUPER-PAY-20251212-EMP-MARCO-HOSP-CASUAL
099999123452,12/12/2025,SUPER CLEARING HOUSE Hana Cafe Part-time PAY-20251212-EMP-HANA-CAFE-PARTTIME,62.04,,150163.54,SUPER,SUPER-PAY-20251212-EMP-HANA-CAFE-PARTTIME
099999123452,12/12/2025,PAYROLL NET WAGE Riley Retail Casual PAY-20251212-EMP-RILEY-RETAIL-CASUAL,737.75,,150225.58,PAYROLL,PAYNET-PAY-20251212-EMP-RILEY-RETAIL-CASUAL
099999123452,12/12/2025,PAYROLL NET WAGE Priya Retail Supervisor PAY-20251212-EMP-PRIYA-RETAIL-SUP,994.32,,150963.33,PAYROLL,PAYNET-PAY-20251212-EMP-PRIYA-RETAIL-SUP
099999123452,12/12/2025,PAYROLL NET WAGE Marco Hospitality Casual PAY-20251212-EMP-MARCO-HOSP-CASUAL,438.38,,151957.65,PAYROLL,PAYNET-PAY-20251212-EMP-MARCO-HOSP-CASUAL
099999123452,12/12/2025,PAYROLL NET WAGE Hana Cafe Part-time PAY-20251212-EMP-HANA-CAFE-PARTTIME,491.00,,152396.03,PAYROLL,PAYNET-PAY-20251212-EMP-HANA-CAFE-PARTTIME
099999123452,12/12/2025,PAYG WITHHOLDING REMITTANCE ATO Riley Retail Casual PAY-20251212-EMP-RILEY-RETAIL-CASUAL,92.00,,152887.03,PAYROLL_TAX,PAYG-PAY-20251212-EMP-RILEY-RETAIL-CASUAL
099999123452,12/12/2025,PAYG WITHHOLDING REMITTANCE ATO Priya Retail Supervisor PAY-20251212-EMP-PRIYA-RETAIL-SUP,208.00,,152979.03,PAYROLL_TAX,PAYG-PAY-20251212-EMP-PRIYA-RETAIL-SUP
099999123452,12/12/2025,PAYG WITHHOLDING REMITTANCE ATO Marco Hospitality Casual PAY-20251212-EMP-MARCO-HOSP-CASUAL,14.00,,153187.03,PAYROLL_TAX,PAYG-PAY-20251212-EMP-MARCO-HOSP-CASUAL
099999123452,12/12/2025,PAYG WITHHOLDING REMITTANCE ATO Hana Cafe Part-time PAY-20251212-EMP-HANA-CAFE-PARTTIME,26.00,,153201.03,PAYROLL_TAX,PAYG-PAY-20251212-EMP-HANA-CAFE-PARTTIME
099999123452,05/12/2025,SUPER CLEARING HOUSE Riley Retail Casual PAY-20251205-EMP-RILEY-RETAIL-CASUAL,99.57,,153227.03,SUPER,SUPER-PAY-20251205-EMP-RILEY-RETAIL-CASUAL
099999123452,05/12/2025,SUPER CLEARING HOUSE Priya Retail Supervisor PAY-20251205-EMP-PRIYA-RETAIL-SUP,144.28,,153326.60,SUPER,SUPER-PAY-20251205-EMP-PRIYA-RETAIL-SUP
099999123452,05/12/2025,SUPER CLEARING HOUSE Marco Hospitality Casual PAY-20251205-EMP-MARCO-HOSP-CASUAL,31.02,,153470.88,SUPER,SUPER-PAY-20251205-EMP-MARCO-HOSP-CASUAL
099999123452,05/12/2025,SUPER CLEARING HOUSE Hana Cafe Part-time PAY-20251205-EMP-HANA-CAFE-PARTTIME,62.04,,153501.90,SUPER,SUPER-PAY-20251205-EMP-HANA-CAFE-PARTTIME
099999123452,05/12/2025,PAYROLL NET WAGE Riley Retail Casual PAY-20251205-EMP-RILEY-RETAIL-CASUAL,737.75,,153563.94,PAYROLL,PAYNET-PAY-20251205-EMP-RILEY-RETAIL-CASUAL
099999123452,05/12/2025,PAYROLL NET WAGE Priya Retail Supervisor PAY-20251205-EMP-PRIYA-RETAIL-SUP,994.32,,154301.69,PAYROLL,PAYNET-PAY-20251205-EMP-PRIYA-RETAIL-SUP
099999123452,05/12/2025,PAYROLL NET WAGE Marco Hospitality Casual PAY-20251205-EMP-MARCO-HOSP-CASUAL,258.48,,155296.01,PAYROLL,PAYNET-PAY-20251205-EMP-MARCO-HOSP-CASUAL
099999123452,05/12/2025,PAYROLL NET WAGE Hana Cafe Part-time PAY-20251205-EMP-HANA-CAFE-PARTTIME,491.00,,155554.49,PAYROLL,PAYNET-PAY-20251205-EMP-HANA-CAFE-PARTTIME
099999123452,05/12/2025,PAYG WITHHOLDING REMITTANCE ATO Riley Retail Casual PAY-20251205-EMP-RILEY-RETAIL-CASUAL,92.00,,156045.49,PAYROLL_TAX,PAYG-PAY-20251205-EMP-RILEY-RETAIL-CASUAL
099999123452,05/12/2025,PAYG WITHHOLDING REMITTANCE ATO Priya Retail Supervisor PAY-20251205-EMP-PRIYA-RETAIL-SUP,208.00,,156137.49,PAYROLL_TAX,PAYG-PAY-20251205-EMP-PRIYA-RETAIL-SUP
099999123452,05/12/2025,PAYG WITHHOLDING REMITTANCE ATO Hana Cafe Part-time PAY-20251205-EMP-HANA-CAFE-PARTTIME,26.00,,156345.49,PAYROLL_TAX,PAYG-PAY-20251205-EMP-HANA-CAFE-PARTTIME
099999123452,04/12/2025,WITHDRAWAL-OSKO PAYMENT Bank BANKFEE-202511,35.00,,156371.49,PAYMENT,BTP-000020
099999123452,28/11/2025,SUPER CLEARING HOUSE Riley Retail Casual PAY-20251128-EMP-RILEY-RETAIL-CASUAL,99.57,,156406.49,SUPER,SUPER-PAY-20251128-EMP-RILEY-RETAIL-CASUAL
099999123452,28/11/2025,SUPER CLEARING HOUSE Priya Retail Supervisor PAY-20251128-EMP-PRIYA-RETAIL-SUP,144.28,,156506.06,SUPER,SUPER-PAY-20251128-EMP-PRIYA-RETAIL-SUP
099999123452,28/11/2025,SUPER CLEARING HOUSE Marco Hospitality Casual PAY-20251128-EMP-MARCO-HOSP-CASUAL,31.02,,156650.34,SUPER,SUPER-PAY-20251128-EMP-MARCO-HOSP-CASUAL
099999123452,28/11/2025,SUPER CLEARING HOUSE Hana Cafe Part-time PAY-20251128-EMP-HANA-CAFE-PARTTIME,62.04,,156681.36,SUPER,SUPER-PAY-20251128-EMP-HANA-CAFE-PARTTIME
099999123452,28/11/2025,PAYROLL NET WAGE Riley Retail Casual PAY-20251128-EMP-RILEY-RETAIL-CASUAL,737.75,,156743.40,PAYROLL,PAYNET-PAY-20251128-EMP-RILEY-RETAIL-CASUAL
099999123452,28/11/2025,PAYROLL NET WAGE Priya Retail Supervisor PAY-20251128-EMP-PRIYA-RETAIL-SUP,994.32,,157481.15,PAYROLL,PAYNET-PAY-20251128-EMP-PRIYA-RETAIL-SUP
099999123452,28/11/2025,PAYROLL NET WAGE Marco Hospitality Casual PAY-20251128-EMP-MARCO-HOSP-CASUAL,258.48,,158475.47,PAYROLL,PAYNET-PAY-20251128-EMP-MARCO-HOSP-CASUAL
099999123452,28/11/2025,PAYROLL NET WAGE Hana Cafe Part-time PAY-20251128-EMP-HANA-CAFE-PARTTIME,491.00,,158733.95,PAYROLL,PAYNET-PAY-20251128-EMP-HANA-CAFE-PARTTIME
099999123452,28/11/2025,PAYG WITHHOLDING REMITTANCE ATO Riley Retail Casual PAY-20251128-EMP-RILEY-RETAIL-CASUAL,92.00,,159224.95,PAYROLL_TAX,PAYG-PAY-20251128-EMP-RILEY-RETAIL-CASUAL
099999123452,28/11/2025,PAYG WITHHOLDING REMITTANCE ATO Priya Retail Supervisor PAY-20251128-EMP-PRIYA-RETAIL-SUP,208.00,,159316.95,PAYROLL_TAX,PAYG-PAY-20251128-EMP-PRIYA-RETAIL-SUP
099999123452,28/11/2025,PAYG WITHHOLDING REMITTANCE ATO Hana Cafe Part-time PAY-20251128-EMP-HANA-CAFE-PARTTIME,26.00,,159524.95,PAYROLL_TAX,PAYG-PAY-20251128-EMP-HANA-CAFE-PARTTIME
099999123452,25/11/2025,WITHDRAWAL-OSKO PAYMENT Peak Local Marketing Pty Ltd CONTRACT-202511,1980.00,,159550.95,PAYMENT,BTP-000019
099999123452,22/11/2025,WITHDRAWAL-OSKO PAYMENT Cloud Software Vendors SOFT-202511,1045.00,,161530.95,PAYMENT,BTP-000018
099999123452,21/11/2025,SUPER CLEARING HOUSE Riley Retail Casual PAY-20251121-EMP-RILEY-RETAIL-CASUAL,99.57,,162575.95,SUPER,SUPER-PAY-20251121-EMP-RILEY-RETAIL-CASUAL
099999123452,21/11/2025,SUPER CLEARING HOUSE Priya Retail Supervisor PAY-20251121-EMP-PRIYA-RETAIL-SUP,144.28,,162675.52,SUPER,SUPER-PAY-20251121-EMP-PRIYA-RETAIL-SUP
099999123452,21/11/2025,SUPER CLEARING HOUSE Marco Hospitality Casual PAY-20251121-EMP-MARCO-HOSP-CASUAL,31.02,,162819.80,SUPER,SUPER-PAY-20251121-EMP-MARCO-HOSP-CASUAL
099999123452,21/11/2025,SUPER CLEARING HOUSE Hana Cafe Part-time PAY-20251121-EMP-HANA-CAFE-PARTTIME,62.04,,162850.82,SUPER,SUPER-PAY-20251121-EMP-HANA-CAFE-PARTTIME
099999123452,21/11/2025,PAYROLL NET WAGE Riley Retail Casual PAY-20251121-EMP-RILEY-RETAIL-CASUAL,737.75,,162912.86,PAYROLL,PAYNET-PAY-20251121-EMP-RILEY-RETAIL-CASUAL
099999123452,21/11/2025,PAYROLL NET WAGE Priya Retail Supervisor PAY-20251121-EMP-PRIYA-RETAIL-SUP,994.32,,163650.61,PAYROLL,PAYNET-PAY-20251121-EMP-PRIYA-RETAIL-SUP
099999123452,21/11/2025,PAYROLL NET WAGE Marco Hospitality Casual PAY-20251121-EMP-MARCO-HOSP-CASUAL,258.48,,164644.93,PAYROLL,PAYNET-PAY-20251121-EMP-MARCO-HOSP-CASUAL
099999123452,21/11/2025,PAYROLL NET WAGE Hana Cafe Part-time PAY-20251121-EMP-HANA-CAFE-PARTTIME,491.00,,164903.41,PAYROLL,PAYNET-PAY-20251121-EMP-HANA-CAFE-PARTTIME
099999123452,21/11/2025,PAYG WITHHOLDING REMITTANCE ATO Riley Retail Casual PAY-20251121-EMP-RILEY-RETAIL-CASUAL,92.00,,165394.41,PAYROLL_TAX,PAYG-PAY-20251121-EMP-RILEY-RETAIL-CASUAL
099999123452,21/11/2025,PAYG WITHHOLDING REMITTANCE ATO Priya Retail Supervisor PAY-20251121-EMP-PRIYA-RETAIL-SUP,208.00,,165486.41,PAYROLL_TAX,PAYG-PAY-20251121-EMP-PRIYA-RETAIL-SUP
099999123452,21/11/2025,PAYG WITHHOLDING REMITTANCE ATO Hana Cafe Part-time PAY-20251121-EMP-HANA-CAFE-PARTTIME,26.00,,165694.41,PAYROLL_TAX,PAYG-PAY-20251121-EMP-HANA-CAFE-PARTTIME
099999123452,18/11/2025,DEPOSIT OSKO PAYMENT Retail Client C INV-005,,47575.00,165720.41,DEP,BTR-000005
099999123452,16/11/2025,WITHDRAWAL-OSKO PAYMENT Harbour Property Trust RENT-202511,8580.00,,118145.41,PAYMENT,BTP-000017
099999123452,14/11/2025,SUPER CLEARING HOUSE Riley Retail Casual PAY-20251114-EMP-RILEY-RETAIL-CASUAL,99.57,,126725.41,SUPER,SUPER-PAY-20251114-EMP-RILEY-RETAIL-CASUAL
099999123452,14/11/2025,SUPER CLEARING HOUSE Priya Retail Supervisor PAY-20251114-EMP-PRIYA-RETAIL-SUP,144.28,,126824.98,SUPER,SUPER-PAY-20251114-EMP-PRIYA-RETAIL-SUP
099999123452,14/11/2025,SUPER CLEARING HOUSE Marco Hospitality Casual PAY-20251114-EMP-MARCO-HOSP-CASUAL,54.29,,126969.26,SUPER,SUPER-PAY-20251114-EMP-MARCO-HOSP-CASUAL
099999123452,14/11/2025,SUPER CLEARING HOUSE Hana Cafe Part-time PAY-20251114-EMP-HANA-CAFE-PARTTIME,62.04,,127023.55,SUPER,SUPER-PAY-20251114-EMP-HANA-CAFE-PARTTIME
099999123452,14/11/2025,PAYROLL NET WAGE Riley Retail Casual PAY-20251114-EMP-RILEY-RETAIL-CASUAL,737.75,,127085.59,PAYROLL,PAYNET-PAY-20251114-EMP-RILEY-RETAIL-CASUAL
099999123452,14/11/2025,PAYROLL NET WAGE Priya Retail Supervisor PAY-20251114-EMP-PRIYA-RETAIL-SUP,994.32,,127823.34,PAYROLL,PAYNET-PAY-20251114-EMP-PRIYA-RETAIL-SUP
099999123452,14/11/2025,PAYROLL NET WAGE Marco Hospitality Casual PAY-20251114-EMP-MARCO-HOSP-CASUAL,438.38,,128817.66,PAYROLL,PAYNET-PAY-20251114-EMP-MARCO-HOSP-CASUAL
099999123452,14/11/2025,PAYROLL NET WAGE Hana Cafe Part-time PAY-20251114-EMP-HANA-CAFE-PARTTIME,491.00,,129256.04,PAYROLL,PAYNET-PAY-20251114-EMP-HANA-CAFE-PARTTIME
099999123452,14/11/2025,PAYG WITHHOLDING REMITTANCE ATO Riley Retail Casual PAY-20251114-EMP-RILEY-RETAIL-CASUAL,92.00,,129747.04,PAYROLL_TAX,PAYG-PAY-20251114-EMP-RILEY-RETAIL-CASUAL
099999123452,14/11/2025,PAYG WITHHOLDING REMITTANCE ATO Priya Retail Supervisor PAY-20251114-EMP-PRIYA-RETAIL-SUP,208.00,,129839.04,PAYROLL_TAX,PAYG-PAY-20251114-EMP-PRIYA-RETAIL-SUP
099999123452,14/11/2025,PAYG WITHHOLDING REMITTANCE ATO Marco Hospitality Casual PAY-20251114-EMP-MARCO-HOSP-CASUAL,14.00,,130047.04,PAYROLL_TAX,PAYG-PAY-20251114-EMP-MARCO-HOSP-CASUAL
099999123452,14/11/2025,PAYG WITHHOLDING REMITTANCE ATO Hana Cafe Part-time PAY-20251114-EMP-HANA-CAFE-PARTTIME,26.00,,130061.04,PAYROLL_TAX,PAYG-PAY-20251114-EMP-HANA-CAFE-PARTTIME
099999123452,07/11/2025,SUPER CLEARING HOUSE Riley Retail Casual PAY-20251107-EMP-RILEY-RETAIL-CASUAL,99.57,,130087.04,SUPER,SUPER-PAY-20251107-EMP-RILEY-RETAIL-CASUAL
099999123452,07/11/2025,SUPER CLEARING HOUSE Priya Retail Supervisor PAY-20251107-EMP-PRIYA-RETAIL-SUP,144.28,,130186.61,SUPER,SUPER-PAY-20251107-EMP-PRIYA-RETAIL-SUP
099999123452,07/11/2025,SUPER CLEARING HOUSE Marco Hospitality Casual PAY-20251107-EMP-MARCO-HOSP-CASUAL,31.02,,130330.89,SUPER,SUPER-PAY-20251107-EMP-MARCO-HOSP-CASUAL
099999123452,07/11/2025,SUPER CLEARING HOUSE Hana Cafe Part-time PAY-20251107-EMP-HANA-CAFE-PARTTIME,62.04,,130361.91,SUPER,SUPER-PAY-20251107-EMP-HANA-CAFE-PARTTIME
099999123452,07/11/2025,PAYROLL NET WAGE Riley Retail Casual PAY-20251107-EMP-RILEY-RETAIL-CASUAL,737.75,,130423.95,PAYROLL,PAYNET-PAY-20251107-EMP-RILEY-RETAIL-CASUAL
099999123452,07/11/2025,PAYROLL NET WAGE Priya Retail Supervisor PAY-20251107-EMP-PRIYA-RETAIL-SUP,994.32,,131161.70,PAYROLL,PAYNET-PAY-20251107-EMP-PRIYA-RETAIL-SUP
099999123452,07/11/2025,PAYROLL NET WAGE Marco Hospitality Casual PAY-20251107-EMP-MARCO-HOSP-CASUAL,258.48,,132156.02,PAYROLL,PAYNET-PAY-20251107-EMP-MARCO-HOSP-CASUAL
099999123452,07/11/2025,PAYROLL NET WAGE Hana Cafe Part-time PAY-20251107-EMP-HANA-CAFE-PARTTIME,491.00,,132414.50,PAYROLL,PAYNET-PAY-20251107-EMP-HANA-CAFE-PARTTIME
099999123452,07/11/2025,PAYG WITHHOLDING REMITTANCE ATO Riley Retail Casual PAY-20251107-EMP-RILEY-RETAIL-CASUAL,92.00,,132905.50,PAYROLL_TAX,PAYG-PAY-20251107-EMP-RILEY-RETAIL-CASUAL
099999123452,07/11/2025,PAYG WITHHOLDING REMITTANCE ATO Priya Retail Supervisor PAY-20251107-EMP-PRIYA-RETAIL-SUP,208.00,,132997.50,PAYROLL_TAX,PAYG-PAY-20251107-EMP-PRIYA-RETAIL-SUP
099999123452,07/11/2025,PAYG WITHHOLDING REMITTANCE ATO Hana Cafe Part-time PAY-20251107-EMP-HANA-CAFE-PARTTIME,26.00,,133205.50,PAYROLL_TAX,PAYG-PAY-20251107-EMP-HANA-CAFE-PARTTIME
099999123452,03/11/2025,WITHDRAWAL-OSKO PAYMENT Bank BANKFEE-202510,35.00,,133231.50,PAYMENT,BTP-000016
099999123452,31/10/2025,SUPER CLEARING HOUSE Riley Retail Casual PAY-20251031-EMP-RILEY-RETAIL-CASUAL,99.57,,133266.50,SUPER,SUPER-PAY-20251031-EMP-RILEY-RETAIL-CASUAL
099999123452,31/10/2025,SUPER CLEARING HOUSE Priya Retail Supervisor PAY-20251031-EMP-PRIYA-RETAIL-SUP,144.28,,133366.07,SUPER,SUPER-PAY-20251031-EMP-PRIYA-RETAIL-SUP
099999123452,31/10/2025,SUPER CLEARING HOUSE Marco Hospitality Casual PAY-20251031-EMP-MARCO-HOSP-CASUAL,31.02,,133510.35,SUPER,SUPER-PAY-20251031-EMP-MARCO-HOSP-CASUAL
099999123452,31/10/2025,SUPER CLEARING HOUSE Hana Cafe Part-time PAY-20251031-EMP-HANA-CAFE-PARTTIME,62.04,,133541.37,SUPER,SUPER-PAY-20251031-EMP-HANA-CAFE-PARTTIME
099999123452,31/10/2025,PAYROLL NET WAGE Riley Retail Casual PAY-20251031-EMP-RILEY-RETAIL-CASUAL,737.75,,133603.41,PAYROLL,PAYNET-PAY-20251031-EMP-RILEY-RETAIL-CASUAL
099999123452,31/10/2025,PAYROLL NET WAGE Priya Retail Supervisor PAY-20251031-EMP-PRIYA-RETAIL-SUP,994.32,,134341.16,PAYROLL,PAYNET-PAY-20251031-EMP-PRIYA-RETAIL-SUP
099999123452,31/10/2025,PAYROLL NET WAGE Marco Hospitality Casual PAY-20251031-EMP-MARCO-HOSP-CASUAL,258.48,,135335.48,PAYROLL,PAYNET-PAY-20251031-EMP-MARCO-HOSP-CASUAL
099999123452,31/10/2025,PAYROLL NET WAGE Hana Cafe Part-time PAY-20251031-EMP-HANA-CAFE-PARTTIME,491.00,,135593.96,PAYROLL,PAYNET-PAY-20251031-EMP-HANA-CAFE-PARTTIME
099999123452,31/10/2025,PAYG WITHHOLDING REMITTANCE ATO Riley Retail Casual PAY-20251031-EMP-RILEY-RETAIL-CASUAL,92.00,,136084.96,PAYROLL_TAX,PAYG-PAY-20251031-EMP-RILEY-RETAIL-CASUAL
099999123452,31/10/2025,PAYG WITHHOLDING REMITTANCE ATO Priya Retail Supervisor PAY-20251031-EMP-PRIYA-RETAIL-SUP,208.00,,136176.96,PAYROLL_TAX,PAYG-PAY-20251031-EMP-PRIYA-RETAIL-SUP
099999123452,31/10/2025,PAYG WITHHOLDING REMITTANCE ATO Hana Cafe Part-time PAY-20251031-EMP-HANA-CAFE-PARTTIME,26.00,,136384.96,PAYROLL_TAX,PAYG-PAY-20251031-EMP-HANA-CAFE-PARTTIME
099999123452,25/10/2025,WITHDRAWAL-OSKO PAYMENT Peak Local Marketing Pty Ltd CONTRACT-202510,1980.00,,136410.96,PAYMENT,BTP-000015
099999123452,24/10/2025,SUPER CLEARING HOUSE Riley Retail Casual PAY-20251024-EMP-RILEY-RETAIL-CASUAL,99.57,,138390.96,SUPER,SUPER-PAY-20251024-EMP-RILEY-RETAIL-CASUAL
099999123452,24/10/2025,SUPER CLEARING HOUSE Priya Retail Supervisor PAY-20251024-EMP-PRIYA-RETAIL-SUP,144.28,,138490.53,SUPER,SUPER-PAY-20251024-EMP-PRIYA-RETAIL-SUP
099999123452,24/10/2025,SUPER CLEARING HOUSE Marco Hospitality Casual PAY-20251024-EMP-MARCO-HOSP-CASUAL,31.02,,138634.81,SUPER,SUPER-PAY-20251024-EMP-MARCO-HOSP-CASUAL
099999123452,24/10/2025,SUPER CLEARING HOUSE Hana Cafe Part-time PAY-20251024-EMP-HANA-CAFE-PARTTIME,62.04,,138665.83,SUPER,SUPER-PAY-20251024-EMP-HANA-CAFE-PARTTIME
099999123452,24/10/2025,PAYROLL NET WAGE Riley Retail Casual PAY-20251024-EMP-RILEY-RETAIL-CASUAL,737.75,,138727.87,PAYROLL,PAYNET-PAY-20251024-EMP-RILEY-RETAIL-CASUAL
099999123452,24/10/2025,PAYROLL NET WAGE Priya Retail Supervisor PAY-20251024-EMP-PRIYA-RETAIL-SUP,994.32,,139465.62,PAYROLL,PAYNET-PAY-20251024-EMP-PRIYA-RETAIL-SUP
099999123452,24/10/2025,PAYROLL NET WAGE Marco Hospitality Casual PAY-20251024-EMP-MARCO-HOSP-CASUAL,258.48,,140459.94,PAYROLL,PAYNET-PAY-20251024-EMP-MARCO-HOSP-CASUAL
099999123452,24/10/2025,PAYROLL NET WAGE Hana Cafe Part-time PAY-20251024-EMP-HANA-CAFE-PARTTIME,491.00,,140718.42,PAYROLL,PAYNET-PAY-20251024-EMP-HANA-CAFE-PARTTIME
099999123452,24/10/2025,PAYG WITHHOLDING REMITTANCE ATO Riley Retail Casual PAY-20251024-EMP-RILEY-RETAIL-CASUAL,92.00,,141209.42,PAYROLL_TAX,PAYG-PAY-20251024-EMP-RILEY-RETAIL-CASUAL
099999123452,24/10/2025,PAYG WITHHOLDING REMITTANCE ATO Priya Retail Supervisor PAY-20251024-EMP-PRIYA-RETAIL-SUP,208.00,,141301.42,PAYROLL_TAX,PAYG-PAY-20251024-EMP-PRIYA-RETAIL-SUP
099999123452,24/10/2025,PAYG WITHHOLDING REMITTANCE ATO Hana Cafe Part-time PAY-20251024-EMP-HANA-CAFE-PARTTIME,26.00,,141509.42,PAYROLL_TAX,PAYG-PAY-20251024-EMP-HANA-CAFE-PARTTIME
099999123452,22/10/2025,WITHDRAWAL-OSKO PAYMENT Cloud Software Vendors SOFT-202510,1045.00,,141535.42,PAYMENT,BTP-000014
099999123452,18/10/2025,DEPOSIT OSKO PAYMENT Retail Client B INV-004,,47300.00,142580.42,DEP,BTR-000004
099999123452,17/10/2025,SUPER CLEARING HOUSE Riley Retail Casual PAY-20251017-EMP-RILEY-RETAIL-CASUAL,99.57,,95280.42,SUPER,SUPER-PAY-20251017-EMP-RILEY-RETAIL-CASUAL
099999123452,17/10/2025,SUPER CLEARING HOUSE Priya Retail Supervisor PAY-20251017-EMP-PRIYA-RETAIL-SUP,144.28,,95379.99,SUPER,SUPER-PAY-20251017-EMP-PRIYA-RETAIL-SUP
099999123452,17/10/2025,SUPER CLEARING HOUSE Marco Hospitality Casual PAY-20251017-EMP-MARCO-HOSP-CASUAL,54.29,,95524.27,SUPER,SUPER-PAY-20251017-EMP-MARCO-HOSP-CASUAL
099999123452,17/10/2025,SUPER CLEARING HOUSE Hana Cafe Part-time PAY-20251017-EMP-HANA-CAFE-PARTTIME,62.04,,95578.56,SUPER,SUPER-PAY-20251017-EMP-HANA-CAFE-PARTTIME
099999123452,17/10/2025,PAYROLL NET WAGE Riley Retail Casual PAY-20251017-EMP-RILEY-RETAIL-CASUAL,737.75,,95640.60,PAYROLL,PAYNET-PAY-20251017-EMP-RILEY-RETAIL-CASUAL
099999123452,17/10/2025,PAYROLL NET WAGE Priya Retail Supervisor PAY-20251017-EMP-PRIYA-RETAIL-SUP,994.32,,96378.35,PAYROLL,PAYNET-PAY-20251017-EMP-PRIYA-RETAIL-SUP
099999123452,17/10/2025,PAYROLL NET WAGE Marco Hospitality Casual PAY-20251017-EMP-MARCO-HOSP-CASUAL,438.38,,97372.67,PAYROLL,PAYNET-PAY-20251017-EMP-MARCO-HOSP-CASUAL
099999123452,17/10/2025,PAYROLL NET WAGE Hana Cafe Part-time PAY-20251017-EMP-HANA-CAFE-PARTTIME,491.00,,97811.05,PAYROLL,PAYNET-PAY-20251017-EMP-HANA-CAFE-PARTTIME
099999123452,17/10/2025,PAYG WITHHOLDING REMITTANCE ATO Riley Retail Casual PAY-20251017-EMP-RILEY-RETAIL-CASUAL,92.00,,98302.05,PAYROLL_TAX,PAYG-PAY-20251017-EMP-RILEY-RETAIL-CASUAL
099999123452,17/10/2025,PAYG WITHHOLDING REMITTANCE ATO Priya Retail Supervisor PAY-20251017-EMP-PRIYA-RETAIL-SUP,208.00,,98394.05,PAYROLL_TAX,PAYG-PAY-20251017-EMP-PRIYA-RETAIL-SUP
099999123452,17/10/2025,PAYG WITHHOLDING REMITTANCE ATO Marco Hospitality Casual PAY-20251017-EMP-MARCO-HOSP-CASUAL,14.00,,98602.05,PAYROLL_TAX,PAYG-PAY-20251017-EMP-MARCO-HOSP-CASUAL
099999123452,17/10/2025,PAYG WITHHOLDING REMITTANCE ATO Hana Cafe Part-time PAY-20251017-EMP-HANA-CAFE-PARTTIME,26.00,,98616.05,PAYROLL_TAX,PAYG-PAY-20251017-EMP-HANA-CAFE-PARTTIME
099999123452,16/10/2025,WITHDRAWAL-OSKO PAYMENT Harbour Property Trust RENT-202510,8580.00,,98642.05,PAYMENT,BTP-000013
099999123452,10/10/2025,SUPER CLEARING HOUSE Riley Retail Casual PAY-20251010-EMP-RILEY-RETAIL-CASUAL,99.57,,107222.05,SUPER,SUPER-PAY-20251010-EMP-RILEY-RETAIL-CASUAL
099999123452,10/10/2025,SUPER CLEARING HOUSE Priya Retail Supervisor PAY-20251010-EMP-PRIYA-RETAIL-SUP,144.28,,107321.62,SUPER,SUPER-PAY-20251010-EMP-PRIYA-RETAIL-SUP
099999123452,10/10/2025,SUPER CLEARING HOUSE Marco Hospitality Casual PAY-20251010-EMP-MARCO-HOSP-CASUAL,31.02,,107465.90,SUPER,SUPER-PAY-20251010-EMP-MARCO-HOSP-CASUAL
099999123452,10/10/2025,SUPER CLEARING HOUSE Hana Cafe Part-time PAY-20251010-EMP-HANA-CAFE-PARTTIME,62.04,,107496.92,SUPER,SUPER-PAY-20251010-EMP-HANA-CAFE-PARTTIME
099999123452,10/10/2025,PAYROLL NET WAGE Riley Retail Casual PAY-20251010-EMP-RILEY-RETAIL-CASUAL,737.75,,107558.96,PAYROLL,PAYNET-PAY-20251010-EMP-RILEY-RETAIL-CASUAL
099999123452,10/10/2025,PAYROLL NET WAGE Priya Retail Supervisor PAY-20251010-EMP-PRIYA-RETAIL-SUP,994.32,,108296.71,PAYROLL,PAYNET-PAY-20251010-EMP-PRIYA-RETAIL-SUP
099999123452,10/10/2025,PAYROLL NET WAGE Marco Hospitality Casual PAY-20251010-EMP-MARCO-HOSP-CASUAL,258.48,,109291.03,PAYROLL,PAYNET-PAY-20251010-EMP-MARCO-HOSP-CASUAL
099999123452,10/10/2025,PAYROLL NET WAGE Hana Cafe Part-time PAY-20251010-EMP-HANA-CAFE-PARTTIME,491.00,,109549.51,PAYROLL,PAYNET-PAY-20251010-EMP-HANA-CAFE-PARTTIME
099999123452,10/10/2025,PAYG WITHHOLDING REMITTANCE ATO Riley Retail Casual PAY-20251010-EMP-RILEY-RETAIL-CASUAL,92.00,,110040.51,PAYROLL_TAX,PAYG-PAY-20251010-EMP-RILEY-RETAIL-CASUAL
099999123452,10/10/2025,PAYG WITHHOLDING REMITTANCE ATO Priya Retail Supervisor PAY-20251010-EMP-PRIYA-RETAIL-SUP,208.00,,110132.51,PAYROLL_TAX,PAYG-PAY-20251010-EMP-PRIYA-RETAIL-SUP
099999123452,10/10/2025,PAYG WITHHOLDING REMITTANCE ATO Hana Cafe Part-time PAY-20251010-EMP-HANA-CAFE-PARTTIME,26.00,,110340.51,PAYROLL_TAX,PAYG-PAY-20251010-EMP-HANA-CAFE-PARTTIME
099999123452,04/10/2025,WITHDRAWAL-OSKO PAYMENT Bank BANKFEE-202509,35.00,,110366.51,PAYMENT,BTP-000012
099999123452,03/10/2025,SUPER CLEARING HOUSE Riley Retail Casual PAY-20251003-EMP-RILEY-RETAIL-CASUAL,99.57,,110401.51,SUPER,SUPER-PAY-20251003-EMP-RILEY-RETAIL-CASUAL
099999123452,03/10/2025,SUPER CLEARING HOUSE Priya Retail Supervisor PAY-20251003-EMP-PRIYA-RETAIL-SUP,144.28,,110501.08,SUPER,SUPER-PAY-20251003-EMP-PRIYA-RETAIL-SUP
099999123452,03/10/2025,SUPER CLEARING HOUSE Marco Hospitality Casual PAY-20251003-EMP-MARCO-HOSP-CASUAL,31.02,,110645.36,SUPER,SUPER-PAY-20251003-EMP-MARCO-HOSP-CASUAL
099999123452,03/10/2025,SUPER CLEARING HOUSE Hana Cafe Part-time PAY-20251003-EMP-HANA-CAFE-PARTTIME,62.04,,110676.38,SUPER,SUPER-PAY-20251003-EMP-HANA-CAFE-PARTTIME
099999123452,03/10/2025,PAYROLL NET WAGE Riley Retail Casual PAY-20251003-EMP-RILEY-RETAIL-CASUAL,737.75,,110738.42,PAYROLL,PAYNET-PAY-20251003-EMP-RILEY-RETAIL-CASUAL
099999123452,03/10/2025,PAYROLL NET WAGE Priya Retail Supervisor PAY-20251003-EMP-PRIYA-RETAIL-SUP,994.32,,111476.17,PAYROLL,PAYNET-PAY-20251003-EMP-PRIYA-RETAIL-SUP
099999123452,03/10/2025,PAYROLL NET WAGE Marco Hospitality Casual PAY-20251003-EMP-MARCO-HOSP-CASUAL,258.48,,112470.49,PAYROLL,PAYNET-PAY-20251003-EMP-MARCO-HOSP-CASUAL
099999123452,03/10/2025,PAYROLL NET WAGE Hana Cafe Part-time PAY-20251003-EMP-HANA-CAFE-PARTTIME,491.00,,112728.97,PAYROLL,PAYNET-PAY-20251003-EMP-HANA-CAFE-PARTTIME
099999123452,03/10/2025,PAYG WITHHOLDING REMITTANCE ATO Riley Retail Casual PAY-20251003-EMP-RILEY-RETAIL-CASUAL,92.00,,113219.97,PAYROLL_TAX,PAYG-PAY-20251003-EMP-RILEY-RETAIL-CASUAL
099999123452,03/10/2025,PAYG WITHHOLDING REMITTANCE ATO Priya Retail Supervisor PAY-20251003-EMP-PRIYA-RETAIL-SUP,208.00,,113311.97,PAYROLL_TAX,PAYG-PAY-20251003-EMP-PRIYA-RETAIL-SUP
099999123452,03/10/2025,PAYG WITHHOLDING REMITTANCE ATO Hana Cafe Part-time PAY-20251003-EMP-HANA-CAFE-PARTTIME,26.00,,113519.97,PAYROLL_TAX,PAYG-PAY-20251003-EMP-HANA-CAFE-PARTTIME
099999123452,26/09/2025,SUPER CLEARING HOUSE Riley Retail Casual PAY-20250926-EMP-RILEY-RETAIL-CASUAL,99.57,,113545.97,SUPER,SUPER-PAY-20250926-EMP-RILEY-RETAIL-CASUAL
099999123452,26/09/2025,SUPER CLEARING HOUSE Priya Retail Supervisor PAY-20250926-EMP-PRIYA-RETAIL-SUP,144.28,,113645.54,SUPER,SUPER-PAY-20250926-EMP-PRIYA-RETAIL-SUP
099999123452,26/09/2025,SUPER CLEARING HOUSE Marco Hospitality Casual PAY-20250926-EMP-MARCO-HOSP-CASUAL,62.04,,113789.82,SUPER,SUPER-PAY-20250926-EMP-MARCO-HOSP-CASUAL
099999123452,26/09/2025,SUPER CLEARING HOUSE Hana Cafe Part-time PAY-20250926-EMP-HANA-CAFE-PARTTIME,62.04,,113851.86,SUPER,SUPER-PAY-20250926-EMP-HANA-CAFE-PARTTIME
099999123452,26/09/2025,PAYROLL NET WAGE Riley Retail Casual PAY-20250926-EMP-RILEY-RETAIL-CASUAL,737.75,,113913.90,PAYROLL,PAYNET-PAY-20250926-EMP-RILEY-RETAIL-CASUAL
099999123452,26/09/2025,PAYROLL NET WAGE Priya Retail Supervisor PAY-20250926-EMP-PRIYA-RETAIL-SUP,994.32,,114651.65,PAYROLL,PAYNET-PAY-20250926-EMP-PRIYA-RETAIL-SUP
099999123452,26/09/2025,PAYROLL NET WAGE Marco Hospitality Casual PAY-20250926-EMP-MARCO-HOSP-CASUAL,491.00,,115645.97,PAYROLL,PAYNET-PAY-20250926-EMP-MARCO-HOSP-CASUAL
099999123452,26/09/2025,PAYROLL NET WAGE Hana Cafe Part-time PAY-20250926-EMP-HANA-CAFE-PARTTIME,491.00,,116136.97,PAYROLL,PAYNET-PAY-20250926-EMP-HANA-CAFE-PARTTIME
099999123452,26/09/2025,PAYG WITHHOLDING REMITTANCE ATO Riley Retail Casual PAY-20250926-EMP-RILEY-RETAIL-CASUAL,92.00,,116627.97,PAYROLL_TAX,PAYG-PAY-20250926-EMP-RILEY-RETAIL-CASUAL
099999123452,26/09/2025,PAYG WITHHOLDING REMITTANCE ATO Priya Retail Supervisor PAY-20250926-EMP-PRIYA-RETAIL-SUP,208.00,,116719.97,PAYROLL_TAX,PAYG-PAY-20250926-EMP-PRIYA-RETAIL-SUP
099999123452,26/09/2025,PAYG WITHHOLDING REMITTANCE ATO Marco Hospitality Casual PAY-20250926-EMP-MARCO-HOSP-CASUAL,26.00,,116927.97,PAYROLL_TAX,PAYG-PAY-20250926-EMP-MARCO-HOSP-CASUAL
099999123452,26/09/2025,PAYG WITHHOLDING REMITTANCE ATO Hana Cafe Part-time PAY-20250926-EMP-HANA-CAFE-PARTTIME,26.00,,116953.97,PAYROLL_TAX,PAYG-PAY-20250926-EMP-HANA-CAFE-PARTTIME
099999123452,25/09/2025,WITHDRAWAL-OSKO PAYMENT Peak Local Marketing Pty Ltd CONTRACT-202509,1980.00,,116979.97,PAYMENT,BTP-000011
099999123452,22/09/2025,WITHDRAWAL-OSKO PAYMENT Cloud Software Vendors SOFT-202509,1045.00,,118959.97,PAYMENT,BTP-000010
099999123452,19/09/2025,SUPER CLEARING HOUSE Riley Retail Casual PAY-20250919-EMP-RILEY-RETAIL-CASUAL,99.57,,120004.97,SUPER,SUPER-PAY-20250919-EMP-RILEY-RETAIL-CASUAL
099999123452,19/09/2025,SUPER CLEARING HOUSE Priya Retail Supervisor PAY-20250919-EMP-PRIYA-RETAIL-SUP,144.28,,120104.54,SUPER,SUPER-PAY-20250919-EMP-PRIYA-RETAIL-SUP
099999123452,19/09/2025,SUPER CLEARING HOUSE Marco Hospitality Casual PAY-20250919-EMP-MARCO-HOSP-CASUAL,54.29,,120248.82,SUPER,SUPER-PAY-20250919-EMP-MARCO-HOSP-CASUAL
099999123452,19/09/2025,SUPER CLEARING HOUSE Hana Cafe Part-time PAY-20250919-EMP-HANA-CAFE-PARTTIME,62.04,,120303.11,SUPER,SUPER-PAY-20250919-EMP-HANA-CAFE-PARTTIME
099999123452,19/09/2025,PAYROLL NET WAGE Riley Retail Casual PAY-20250919-EMP-RILEY-RETAIL-CASUAL,737.75,,120365.15,PAYROLL,PAYNET-PAY-20250919-EMP-RILEY-RETAIL-CASUAL
099999123452,19/09/2025,PAYROLL NET WAGE Priya Retail Supervisor PAY-20250919-EMP-PRIYA-RETAIL-SUP,994.32,,121102.90,PAYROLL,PAYNET-PAY-20250919-EMP-PRIYA-RETAIL-SUP
099999123452,19/09/2025,PAYROLL NET WAGE Marco Hospitality Casual PAY-20250919-EMP-MARCO-HOSP-CASUAL,438.38,,122097.22,PAYROLL,PAYNET-PAY-20250919-EMP-MARCO-HOSP-CASUAL
099999123452,19/09/2025,PAYROLL NET WAGE Hana Cafe Part-time PAY-20250919-EMP-HANA-CAFE-PARTTIME,491.00,,122535.60,PAYROLL,PAYNET-PAY-20250919-EMP-HANA-CAFE-PARTTIME
099999123452,19/09/2025,PAYG WITHHOLDING REMITTANCE ATO Riley Retail Casual PAY-20250919-EMP-RILEY-RETAIL-CASUAL,92.00,,123026.60,PAYROLL_TAX,PAYG-PAY-20250919-EMP-RILEY-RETAIL-CASUAL
099999123452,19/09/2025,PAYG WITHHOLDING REMITTANCE ATO Priya Retail Supervisor PAY-20250919-EMP-PRIYA-RETAIL-SUP,208.00,,123118.60,PAYROLL_TAX,PAYG-PAY-20250919-EMP-PRIYA-RETAIL-SUP
099999123452,19/09/2025,PAYG WITHHOLDING REMITTANCE ATO Marco Hospitality Casual PAY-20250919-EMP-MARCO-HOSP-CASUAL,14.00,,123326.60,PAYROLL_TAX,PAYG-PAY-20250919-EMP-MARCO-HOSP-CASUAL
099999123452,19/09/2025,PAYG WITHHOLDING REMITTANCE ATO Hana Cafe Part-time PAY-20250919-EMP-HANA-CAFE-PARTTIME,26.00,,123340.60,PAYROLL_TAX,PAYG-PAY-20250919-EMP-HANA-CAFE-PARTTIME
099999123452,18/09/2025,DEPOSIT OSKO PAYMENT Retail Client A INV-003,,47025.00,123366.60,DEP,BTR-000003
099999123452,16/09/2025,WITHDRAWAL-OSKO PAYMENT Harbour Property Trust RENT-202509,8580.00,,76341.60,PAYMENT,BTP-000009
099999123452,12/09/2025,SUPER CLEARING HOUSE Riley Retail Casual PAY-20250912-EMP-RILEY-RETAIL-CASUAL,99.57,,84921.60,SUPER,SUPER-PAY-20250912-EMP-RILEY-RETAIL-CASUAL
099999123452,12/09/2025,SUPER CLEARING HOUSE Priya Retail Supervisor PAY-20250912-EMP-PRIYA-RETAIL-SUP,144.28,,85021.17,SUPER,SUPER-PAY-20250912-EMP-PRIYA-RETAIL-SUP
099999123452,12/09/2025,SUPER CLEARING HOUSE Marco Hospitality Casual PAY-20250912-EMP-MARCO-HOSP-CASUAL,31.02,,85165.45,SUPER,SUPER-PAY-20250912-EMP-MARCO-HOSP-CASUAL
099999123452,12/09/2025,SUPER CLEARING HOUSE Hana Cafe Part-time PAY-20250912-EMP-HANA-CAFE-PARTTIME,62.04,,85196.47,SUPER,SUPER-PAY-20250912-EMP-HANA-CAFE-PARTTIME
099999123452,12/09/2025,PAYROLL NET WAGE Riley Retail Casual PAY-20250912-EMP-RILEY-RETAIL-CASUAL,737.75,,85258.51,PAYROLL,PAYNET-PAY-20250912-EMP-RILEY-RETAIL-CASUAL
099999123452,12/09/2025,PAYROLL NET WAGE Priya Retail Supervisor PAY-20250912-EMP-PRIYA-RETAIL-SUP,994.32,,85996.26,PAYROLL,PAYNET-PAY-20250912-EMP-PRIYA-RETAIL-SUP
099999123452,12/09/2025,PAYROLL NET WAGE Marco Hospitality Casual PAY-20250912-EMP-MARCO-HOSP-CASUAL,258.48,,86990.58,PAYROLL,PAYNET-PAY-20250912-EMP-MARCO-HOSP-CASUAL
099999123452,12/09/2025,PAYROLL NET WAGE Hana Cafe Part-time PAY-20250912-EMP-HANA-CAFE-PARTTIME,491.00,,87249.06,PAYROLL,PAYNET-PAY-20250912-EMP-HANA-CAFE-PARTTIME
099999123452,12/09/2025,PAYG WITHHOLDING REMITTANCE ATO Riley Retail Casual PAY-20250912-EMP-RILEY-RETAIL-CASUAL,92.00,,87740.06,PAYROLL_TAX,PAYG-PAY-20250912-EMP-RILEY-RETAIL-CASUAL
099999123452,12/09/2025,PAYG WITHHOLDING REMITTANCE ATO Priya Retail Supervisor PAY-20250912-EMP-PRIYA-RETAIL-SUP,208.00,,87832.06,PAYROLL_TAX,PAYG-PAY-20250912-EMP-PRIYA-RETAIL-SUP
099999123452,12/09/2025,PAYG WITHHOLDING REMITTANCE ATO Hana Cafe Part-time PAY-20250912-EMP-HANA-CAFE-PARTTIME,26.00,,88040.06,PAYROLL_TAX,PAYG-PAY-20250912-EMP-HANA-CAFE-PARTTIME
099999123452,05/09/2025,SUPER CLEARING HOUSE Riley Retail Casual PAY-20250905-EMP-RILEY-RETAIL-CASUAL,99.57,,88066.06,SUPER,SUPER-PAY-20250905-EMP-RILEY-RETAIL-CASUAL
099999123452,05/09/2025,SUPER CLEARING HOUSE Priya Retail Supervisor PAY-20250905-EMP-PRIYA-RETAIL-SUP,144.28,,88165.63,SUPER,SUPER-PAY-20250905-EMP-PRIYA-RETAIL-SUP
099999123452,05/09/2025,SUPER CLEARING HOUSE Marco Hospitality Casual PAY-20250905-EMP-MARCO-HOSP-CASUAL,31.02,,88309.91,SUPER,SUPER-PAY-20250905-EMP-MARCO-HOSP-CASUAL
099999123452,05/09/2025,SUPER CLEARING HOUSE Hana Cafe Part-time PAY-20250905-EMP-HANA-CAFE-PARTTIME,62.04,,88340.93,SUPER,SUPER-PAY-20250905-EMP-HANA-CAFE-PARTTIME
099999123452,05/09/2025,PAYROLL NET WAGE Riley Retail Casual PAY-20250905-EMP-RILEY-RETAIL-CASUAL,737.75,,88402.97,PAYROLL,PAYNET-PAY-20250905-EMP-RILEY-RETAIL-CASUAL
099999123452,05/09/2025,PAYROLL NET WAGE Priya Retail Supervisor PAY-20250905-EMP-PRIYA-RETAIL-SUP,994.32,,89140.72,PAYROLL,PAYNET-PAY-20250905-EMP-PRIYA-RETAIL-SUP
099999123452,05/09/2025,PAYROLL NET WAGE Marco Hospitality Casual PAY-20250905-EMP-MARCO-HOSP-CASUAL,258.48,,90135.04,PAYROLL,PAYNET-PAY-20250905-EMP-MARCO-HOSP-CASUAL
099999123452,05/09/2025,PAYROLL NET WAGE Hana Cafe Part-time PAY-20250905-EMP-HANA-CAFE-PARTTIME,491.00,,90393.52,PAYROLL,PAYNET-PAY-20250905-EMP-HANA-CAFE-PARTTIME
099999123452,05/09/2025,PAYG WITHHOLDING REMITTANCE ATO Riley Retail Casual PAY-20250905-EMP-RILEY-RETAIL-CASUAL,92.00,,90884.52,PAYROLL_TAX,PAYG-PAY-20250905-EMP-RILEY-RETAIL-CASUAL
099999123452,05/09/2025,PAYG WITHHOLDING REMITTANCE ATO Priya Retail Supervisor PAY-20250905-EMP-PRIYA-RETAIL-SUP,208.00,,90976.52,PAYROLL_TAX,PAYG-PAY-20250905-EMP-PRIYA-RETAIL-SUP
099999123452,05/09/2025,PAYG WITHHOLDING REMITTANCE ATO Hana Cafe Part-time PAY-20250905-EMP-HANA-CAFE-PARTTIME,26.00,,91184.52,PAYROLL_TAX,PAYG-PAY-20250905-EMP-HANA-CAFE-PARTTIME
099999123452,03/09/2025,WITHDRAWAL-OSKO PAYMENT Bank BANKFEE-202508,35.00,,91210.52,PAYMENT,BTP-000008
099999123452,29/08/2025,SUPER CLEARING HOUSE Riley Retail Casual PAY-20250829-EMP-RILEY-RETAIL-CASUAL,99.57,,91245.52,SUPER,SUPER-PAY-20250829-EMP-RILEY-RETAIL-CASUAL
099999123452,29/08/2025,SUPER CLEARING HOUSE Priya Retail Supervisor PAY-20250829-EMP-PRIYA-RETAIL-SUP,144.28,,91345.09,SUPER,SUPER-PAY-20250829-EMP-PRIYA-RETAIL-SUP
099999123452,29/08/2025,SUPER CLEARING HOUSE Marco Hospitality Casual PAY-20250829-EMP-MARCO-HOSP-CASUAL,31.02,,91489.37,SUPER,SUPER-PAY-20250829-EMP-MARCO-HOSP-CASUAL
099999123452,29/08/2025,SUPER CLEARING HOUSE Hana Cafe Part-time PAY-20250829-EMP-HANA-CAFE-PARTTIME,62.04,,91520.39,SUPER,SUPER-PAY-20250829-EMP-HANA-CAFE-PARTTIME
099999123452,29/08/2025,PAYROLL NET WAGE Riley Retail Casual PAY-20250829-EMP-RILEY-RETAIL-CASUAL,737.75,,91582.43,PAYROLL,PAYNET-PAY-20250829-EMP-RILEY-RETAIL-CASUAL
099999123452,29/08/2025,PAYROLL NET WAGE Priya Retail Supervisor PAY-20250829-EMP-PRIYA-RETAIL-SUP,994.32,,92320.18,PAYROLL,PAYNET-PAY-20250829-EMP-PRIYA-RETAIL-SUP
099999123452,29/08/2025,PAYROLL NET WAGE Marco Hospitality Casual PAY-20250829-EMP-MARCO-HOSP-CASUAL,258.48,,93314.50,PAYROLL,PAYNET-PAY-20250829-EMP-MARCO-HOSP-CASUAL
099999123452,29/08/2025,PAYROLL NET WAGE Hana Cafe Part-time PAY-20250829-EMP-HANA-CAFE-PARTTIME,491.00,,93572.98,PAYROLL,PAYNET-PAY-20250829-EMP-HANA-CAFE-PARTTIME
099999123452,29/08/2025,PAYG WITHHOLDING REMITTANCE ATO Riley Retail Casual PAY-20250829-EMP-RILEY-RETAIL-CASUAL,92.00,,94063.98,PAYROLL_TAX,PAYG-PAY-20250829-EMP-RILEY-RETAIL-CASUAL
099999123452,29/08/2025,PAYG WITHHOLDING REMITTANCE ATO Priya Retail Supervisor PAY-20250829-EMP-PRIYA-RETAIL-SUP,208.00,,94155.98,PAYROLL_TAX,PAYG-PAY-20250829-EMP-PRIYA-RETAIL-SUP
099999123452,29/08/2025,PAYG WITHHOLDING REMITTANCE ATO Hana Cafe Part-time PAY-20250829-EMP-HANA-CAFE-PARTTIME,26.00,,94363.98,PAYROLL_TAX,PAYG-PAY-20250829-EMP-HANA-CAFE-PARTTIME
099999123452,25/08/2025,WITHDRAWAL-OSKO PAYMENT Peak Local Marketing Pty Ltd CONTRACT-202508,1980.00,,94389.98,PAYMENT,BTP-000007
099999123452,22/08/2025,SUPER CLEARING HOUSE Riley Retail Casual PAY-20250822-EMP-RILEY-RETAIL-CASUAL,99.57,,96369.98,SUPER,SUPER-PAY-20250822-EMP-RILEY-RETAIL-CASUAL
099999123452,22/08/2025,SUPER CLEARING HOUSE Priya Retail Supervisor PAY-20250822-EMP-PRIYA-RETAIL-SUP,144.28,,96469.55,SUPER,SUPER-PAY-20250822-EMP-PRIYA-RETAIL-SUP
099999123452,22/08/2025,SUPER CLEARING HOUSE Marco Hospitality Casual PAY-20250822-EMP-MARCO-HOSP-CASUAL,54.29,,96613.83,SUPER,SUPER-PAY-20250822-EMP-MARCO-HOSP-CASUAL
099999123452,22/08/2025,SUPER CLEARING HOUSE Hana Cafe Part-time PAY-20250822-EMP-HANA-CAFE-PARTTIME,62.04,,96668.12,SUPER,SUPER-PAY-20250822-EMP-HANA-CAFE-PARTTIME
099999123452,22/08/2025,PAYROLL NET WAGE Riley Retail Casual PAY-20250822-EMP-RILEY-RETAIL-CASUAL,737.75,,96730.16,PAYROLL,PAYNET-PAY-20250822-EMP-RILEY-RETAIL-CASUAL
099999123452,22/08/2025,PAYROLL NET WAGE Priya Retail Supervisor PAY-20250822-EMP-PRIYA-RETAIL-SUP,994.32,,97467.91,PAYROLL,PAYNET-PAY-20250822-EMP-PRIYA-RETAIL-SUP
099999123452,22/08/2025,PAYROLL NET WAGE Marco Hospitality Casual PAY-20250822-EMP-MARCO-HOSP-CASUAL,438.38,,98462.23,PAYROLL,PAYNET-PAY-20250822-EMP-MARCO-HOSP-CASUAL
099999123452,22/08/2025,PAYROLL NET WAGE Hana Cafe Part-time PAY-20250822-EMP-HANA-CAFE-PARTTIME,491.00,,98900.61,PAYROLL,PAYNET-PAY-20250822-EMP-HANA-CAFE-PARTTIME
099999123452,22/08/2025,PAYG WITHHOLDING REMITTANCE ATO Riley Retail Casual PAY-20250822-EMP-RILEY-RETAIL-CASUAL,92.00,,99391.61,PAYROLL_TAX,PAYG-PAY-20250822-EMP-RILEY-RETAIL-CASUAL
099999123452,22/08/2025,PAYG WITHHOLDING REMITTANCE ATO Priya Retail Supervisor PAY-20250822-EMP-PRIYA-RETAIL-SUP,208.00,,99483.61,PAYROLL_TAX,PAYG-PAY-20250822-EMP-PRIYA-RETAIL-SUP
099999123452,22/08/2025,PAYG WITHHOLDING REMITTANCE ATO Marco Hospitality Casual PAY-20250822-EMP-MARCO-HOSP-CASUAL,14.00,,99691.61,PAYROLL_TAX,PAYG-PAY-20250822-EMP-MARCO-HOSP-CASUAL
099999123452,22/08/2025,PAYG WITHHOLDING REMITTANCE ATO Hana Cafe Part-time PAY-20250822-EMP-HANA-CAFE-PARTTIME,26.00,,99705.61,PAYROLL_TAX,PAYG-PAY-20250822-EMP-HANA-CAFE-PARTTIME
099999123452,22/08/2025,WITHDRAWAL-OSKO PAYMENT Cloud Software Vendors SOFT-202508,1045.00,,99731.61,PAYMENT,BTP-000006
099999123452,18/08/2025,DEPOSIT OSKO PAYMENT Retail Client C INV-002,,46750.00,100776.61,DEP,BTR-000002
099999123452,16/08/2025,WITHDRAWAL-OSKO PAYMENT Harbour Property Trust RENT-202508,8580.00,,54026.61,PAYMENT,BTP-000005
099999123452,15/08/2025,SUPER CLEARING HOUSE Riley Retail Casual PAY-20250815-EMP-RILEY-RETAIL-CASUAL,99.57,,62606.61,SUPER,SUPER-PAY-20250815-EMP-RILEY-RETAIL-CASUAL
099999123452,15/08/2025,SUPER CLEARING HOUSE Priya Retail Supervisor PAY-20250815-EMP-PRIYA-RETAIL-SUP,144.28,,62706.18,SUPER,SUPER-PAY-20250815-EMP-PRIYA-RETAIL-SUP
099999123452,15/08/2025,SUPER CLEARING HOUSE Marco Hospitality Casual PAY-20250815-EMP-MARCO-HOSP-CASUAL,31.02,,62850.46,SUPER,SUPER-PAY-20250815-EMP-MARCO-HOSP-CASUAL
099999123452,15/08/2025,SUPER CLEARING HOUSE Hana Cafe Part-time PAY-20250815-EMP-HANA-CAFE-PARTTIME,62.04,,62881.48,SUPER,SUPER-PAY-20250815-EMP-HANA-CAFE-PARTTIME
099999123452,15/08/2025,PAYROLL NET WAGE Riley Retail Casual PAY-20250815-EMP-RILEY-RETAIL-CASUAL,737.75,,62943.52,PAYROLL,PAYNET-PAY-20250815-EMP-RILEY-RETAIL-CASUAL
099999123452,15/08/2025,PAYROLL NET WAGE Priya Retail Supervisor PAY-20250815-EMP-PRIYA-RETAIL-SUP,994.32,,63681.27,PAYROLL,PAYNET-PAY-20250815-EMP-PRIYA-RETAIL-SUP
099999123452,15/08/2025,PAYROLL NET WAGE Marco Hospitality Casual PAY-20250815-EMP-MARCO-HOSP-CASUAL,258.48,,64675.59,PAYROLL,PAYNET-PAY-20250815-EMP-MARCO-HOSP-CASUAL
099999123452,15/08/2025,PAYROLL NET WAGE Hana Cafe Part-time PAY-20250815-EMP-HANA-CAFE-PARTTIME,491.00,,64934.07,PAYROLL,PAYNET-PAY-20250815-EMP-HANA-CAFE-PARTTIME
099999123452,15/08/2025,PAYG WITHHOLDING REMITTANCE ATO Riley Retail Casual PAY-20250815-EMP-RILEY-RETAIL-CASUAL,92.00,,65425.07,PAYROLL_TAX,PAYG-PAY-20250815-EMP-RILEY-RETAIL-CASUAL
099999123452,15/08/2025,PAYG WITHHOLDING REMITTANCE ATO Priya Retail Supervisor PAY-20250815-EMP-PRIYA-RETAIL-SUP,208.00,,65517.07,PAYROLL_TAX,PAYG-PAY-20250815-EMP-PRIYA-RETAIL-SUP
099999123452,15/08/2025,PAYG WITHHOLDING REMITTANCE ATO Hana Cafe Part-time PAY-20250815-EMP-HANA-CAFE-PARTTIME,26.00,,65725.07,PAYROLL_TAX,PAYG-PAY-20250815-EMP-HANA-CAFE-PARTTIME
099999123452,08/08/2025,SUPER CLEARING HOUSE Riley Retail Casual PAY-20250808-EMP-RILEY-RETAIL-CASUAL,99.57,,65751.07,SUPER,SUPER-PAY-20250808-EMP-RILEY-RETAIL-CASUAL
099999123452,08/08/2025,SUPER CLEARING HOUSE Priya Retail Supervisor PAY-20250808-EMP-PRIYA-RETAIL-SUP,144.28,,65850.64,SUPER,SUPER-PAY-20250808-EMP-PRIYA-RETAIL-SUP
099999123452,08/08/2025,SUPER CLEARING HOUSE Marco Hospitality Casual PAY-20250808-EMP-MARCO-HOSP-CASUAL,31.02,,65994.92,SUPER,SUPER-PAY-20250808-EMP-MARCO-HOSP-CASUAL
099999123452,08/08/2025,SUPER CLEARING HOUSE Hana Cafe Part-time PAY-20250808-EMP-HANA-CAFE-PARTTIME,62.04,,66025.94,SUPER,SUPER-PAY-20250808-EMP-HANA-CAFE-PARTTIME
099999123452,08/08/2025,PAYROLL NET WAGE Riley Retail Casual PAY-20250808-EMP-RILEY-RETAIL-CASUAL,737.75,,66087.98,PAYROLL,PAYNET-PAY-20250808-EMP-RILEY-RETAIL-CASUAL
099999123452,08/08/2025,PAYROLL NET WAGE Priya Retail Supervisor PAY-20250808-EMP-PRIYA-RETAIL-SUP,994.32,,66825.73,PAYROLL,PAYNET-PAY-20250808-EMP-PRIYA-RETAIL-SUP
099999123452,08/08/2025,PAYROLL NET WAGE Marco Hospitality Casual PAY-20250808-EMP-MARCO-HOSP-CASUAL,258.48,,67820.05,PAYROLL,PAYNET-PAY-20250808-EMP-MARCO-HOSP-CASUAL
099999123452,08/08/2025,PAYROLL NET WAGE Hana Cafe Part-time PAY-20250808-EMP-HANA-CAFE-PARTTIME,491.00,,68078.53,PAYROLL,PAYNET-PAY-20250808-EMP-HANA-CAFE-PARTTIME
099999123452,08/08/2025,PAYG WITHHOLDING REMITTANCE ATO Riley Retail Casual PAY-20250808-EMP-RILEY-RETAIL-CASUAL,92.00,,68569.53,PAYROLL_TAX,PAYG-PAY-20250808-EMP-RILEY-RETAIL-CASUAL
099999123452,08/08/2025,PAYG WITHHOLDING REMITTANCE ATO Priya Retail Supervisor PAY-20250808-EMP-PRIYA-RETAIL-SUP,208.00,,68661.53,PAYROLL_TAX,PAYG-PAY-20250808-EMP-PRIYA-RETAIL-SUP
099999123452,08/08/2025,PAYG WITHHOLDING REMITTANCE ATO Hana Cafe Part-time PAY-20250808-EMP-HANA-CAFE-PARTTIME,26.00,,68869.53,PAYROLL_TAX,PAYG-PAY-20250808-EMP-HANA-CAFE-PARTTIME
099999123452,03/08/2025,WITHDRAWAL-OSKO PAYMENT Bank BANKFEE-202507,35.00,,68895.53,PAYMENT,BTP-000004
099999123452,01/08/2025,SUPER CLEARING HOUSE Riley Retail Casual PAY-20250801-EMP-RILEY-RETAIL-CASUAL,99.57,,68930.53,SUPER,SUPER-PAY-20250801-EMP-RILEY-RETAIL-CASUAL
099999123452,01/08/2025,SUPER CLEARING HOUSE Priya Retail Supervisor PAY-20250801-EMP-PRIYA-RETAIL-SUP,144.28,,69030.10,SUPER,SUPER-PAY-20250801-EMP-PRIYA-RETAIL-SUP
099999123452,01/08/2025,SUPER CLEARING HOUSE Marco Hospitality Casual PAY-20250801-EMP-MARCO-HOSP-CASUAL,31.02,,69174.38,SUPER,SUPER-PAY-20250801-EMP-MARCO-HOSP-CASUAL
099999123452,01/08/2025,SUPER CLEARING HOUSE Hana Cafe Part-time PAY-20250801-EMP-HANA-CAFE-PARTTIME,62.04,,69205.40,SUPER,SUPER-PAY-20250801-EMP-HANA-CAFE-PARTTIME
099999123452,01/08/2025,PAYROLL NET WAGE Riley Retail Casual PAY-20250801-EMP-RILEY-RETAIL-CASUAL,737.75,,69267.44,PAYROLL,PAYNET-PAY-20250801-EMP-RILEY-RETAIL-CASUAL
099999123452,01/08/2025,PAYROLL NET WAGE Priya Retail Supervisor PAY-20250801-EMP-PRIYA-RETAIL-SUP,994.32,,70005.19,PAYROLL,PAYNET-PAY-20250801-EMP-PRIYA-RETAIL-SUP
099999123452,01/08/2025,PAYROLL NET WAGE Marco Hospitality Casual PAY-20250801-EMP-MARCO-HOSP-CASUAL,258.48,,70999.51,PAYROLL,PAYNET-PAY-20250801-EMP-MARCO-HOSP-CASUAL
099999123452,01/08/2025,PAYROLL NET WAGE Hana Cafe Part-time PAY-20250801-EMP-HANA-CAFE-PARTTIME,491.00,,71257.99,PAYROLL,PAYNET-PAY-20250801-EMP-HANA-CAFE-PARTTIME
099999123452,01/08/2025,PAYG WITHHOLDING REMITTANCE ATO Riley Retail Casual PAY-20250801-EMP-RILEY-RETAIL-CASUAL,92.00,,71748.99,PAYROLL_TAX,PAYG-PAY-20250801-EMP-RILEY-RETAIL-CASUAL
099999123452,01/08/2025,PAYG WITHHOLDING REMITTANCE ATO Priya Retail Supervisor PAY-20250801-EMP-PRIYA-RETAIL-SUP,208.00,,71840.99,PAYROLL_TAX,PAYG-PAY-20250801-EMP-PRIYA-RETAIL-SUP
099999123452,01/08/2025,PAYG WITHHOLDING REMITTANCE ATO Hana Cafe Part-time PAY-20250801-EMP-HANA-CAFE-PARTTIME,26.00,,72048.99,PAYROLL_TAX,PAYG-PAY-20250801-EMP-HANA-CAFE-PARTTIME
099999123452,25/07/2025,SUPER CLEARING HOUSE Riley Retail Casual PAY-20250725-EMP-RILEY-RETAIL-CASUAL,99.57,,72074.99,SUPER,SUPER-PAY-20250725-EMP-RILEY-RETAIL-CASUAL
099999123452,25/07/2025,SUPER CLEARING HOUSE Priya Retail Supervisor PAY-20250725-EMP-PRIYA-RETAIL-SUP,144.28,,72174.56,SUPER,SUPER-PAY-20250725-EMP-PRIYA-RETAIL-SUP
099999123452,25/07/2025,SUPER CLEARING HOUSE Marco Hospitality Casual PAY-20250725-EMP-MARCO-HOSP-CASUAL,54.29,,72318.84,SUPER,SUPER-PAY-20250725-EMP-MARCO-HOSP-CASUAL
099999123452,25/07/2025,SUPER CLEARING HOUSE Hana Cafe Part-time PAY-20250725-EMP-HANA-CAFE-PARTTIME,62.04,,72373.13,SUPER,SUPER-PAY-20250725-EMP-HANA-CAFE-PARTTIME
099999123452,25/07/2025,PAYROLL NET WAGE Riley Retail Casual PAY-20250725-EMP-RILEY-RETAIL-CASUAL,737.75,,72435.17,PAYROLL,PAYNET-PAY-20250725-EMP-RILEY-RETAIL-CASUAL
099999123452,25/07/2025,PAYROLL NET WAGE Priya Retail Supervisor PAY-20250725-EMP-PRIYA-RETAIL-SUP,994.32,,73172.92,PAYROLL,PAYNET-PAY-20250725-EMP-PRIYA-RETAIL-SUP
099999123452,25/07/2025,PAYROLL NET WAGE Marco Hospitality Casual PAY-20250725-EMP-MARCO-HOSP-CASUAL,438.38,,74167.24,PAYROLL,PAYNET-PAY-20250725-EMP-MARCO-HOSP-CASUAL
099999123452,25/07/2025,PAYROLL NET WAGE Hana Cafe Part-time PAY-20250725-EMP-HANA-CAFE-PARTTIME,491.00,,74605.62,PAYROLL,PAYNET-PAY-20250725-EMP-HANA-CAFE-PARTTIME
099999123452,25/07/2025,PAYG WITHHOLDING REMITTANCE ATO Riley Retail Casual PAY-20250725-EMP-RILEY-RETAIL-CASUAL,92.00,,75096.62,PAYROLL_TAX,PAYG-PAY-20250725-EMP-RILEY-RETAIL-CASUAL
099999123452,25/07/2025,PAYG WITHHOLDING REMITTANCE ATO Priya Retail Supervisor PAY-20250725-EMP-PRIYA-RETAIL-SUP,208.00,,75188.62,PAYROLL_TAX,PAYG-PAY-20250725-EMP-PRIYA-RETAIL-SUP
099999123452,25/07/2025,PAYG WITHHOLDING REMITTANCE ATO Marco Hospitality Casual PAY-20250725-EMP-MARCO-HOSP-CASUAL,14.00,,75396.62,PAYROLL_TAX,PAYG-PAY-20250725-EMP-MARCO-HOSP-CASUAL
099999123452,25/07/2025,PAYG WITHHOLDING REMITTANCE ATO Hana Cafe Part-time PAY-20250725-EMP-HANA-CAFE-PARTTIME,26.00,,75410.62,PAYROLL_TAX,PAYG-PAY-20250725-EMP-HANA-CAFE-PARTTIME
099999123452,25/07/2025,WITHDRAWAL-OSKO PAYMENT Peak Local Marketing Pty Ltd CONTRACT-202507,1980.00,,75436.62,PAYMENT,BTP-000003
099999123452,22/07/2025,WITHDRAWAL-OSKO PAYMENT Cloud Software Vendors SOFT-202507,1045.00,,77416.62,PAYMENT,BTP-000002
099999123452,18/07/2025,SUPER CLEARING HOUSE Riley Retail Casual PAY-20250718-EMP-RILEY-RETAIL-CASUAL,99.57,,78461.62,SUPER,SUPER-PAY-20250718-EMP-RILEY-RETAIL-CASUAL
099999123452,18/07/2025,SUPER CLEARING HOUSE Priya Retail Supervisor PAY-20250718-EMP-PRIYA-RETAIL-SUP,144.28,,78561.19,SUPER,SUPER-PAY-20250718-EMP-PRIYA-RETAIL-SUP
099999123452,18/07/2025,SUPER CLEARING HOUSE Marco Hospitality Casual PAY-20250718-EMP-MARCO-HOSP-CASUAL,31.02,,78705.47,SUPER,SUPER-PAY-20250718-EMP-MARCO-HOSP-CASUAL
099999123452,18/07/2025,SUPER CLEARING HOUSE Hana Cafe Part-time PAY-20250718-EMP-HANA-CAFE-PARTTIME,62.04,,78736.49,SUPER,SUPER-PAY-20250718-EMP-HANA-CAFE-PARTTIME
099999123452,18/07/2025,PAYROLL NET WAGE Riley Retail Casual PAY-20250718-EMP-RILEY-RETAIL-CASUAL,737.75,,78798.53,PAYROLL,PAYNET-PAY-20250718-EMP-RILEY-RETAIL-CASUAL
099999123452,18/07/2025,PAYROLL NET WAGE Priya Retail Supervisor PAY-20250718-EMP-PRIYA-RETAIL-SUP,994.32,,79536.28,PAYROLL,PAYNET-PAY-20250718-EMP-PRIYA-RETAIL-SUP
099999123452,18/07/2025,PAYROLL NET WAGE Marco Hospitality Casual PAY-20250718-EMP-MARCO-HOSP-CASUAL,258.48,,80530.60,PAYROLL,PAYNET-PAY-20250718-EMP-MARCO-HOSP-CASUAL
099999123452,18/07/2025,PAYROLL NET WAGE Hana Cafe Part-time PAY-20250718-EMP-HANA-CAFE-PARTTIME,491.00,,80789.08,PAYROLL,PAYNET-PAY-20250718-EMP-HANA-CAFE-PARTTIME
099999123452,18/07/2025,PAYG WITHHOLDING REMITTANCE ATO Riley Retail Casual PAY-20250718-EMP-RILEY-RETAIL-CASUAL,92.00,,81280.08,PAYROLL_TAX,PAYG-PAY-20250718-EMP-RILEY-RETAIL-CASUAL
099999123452,18/07/2025,PAYG WITHHOLDING REMITTANCE ATO Priya Retail Supervisor PAY-20250718-EMP-PRIYA-RETAIL-SUP,208.00,,81372.08,PAYROLL_TAX,PAYG-PAY-20250718-EMP-PRIYA-RETAIL-SUP
099999123452,18/07/2025,PAYG WITHHOLDING REMITTANCE ATO Hana Cafe Part-time PAY-20250718-EMP-HANA-CAFE-PARTTIME,26.00,,81580.08,PAYROLL_TAX,PAYG-PAY-20250718-EMP-HANA-CAFE-PARTTIME
099999123452,18/07/2025,DEPOSIT OSKO PAYMENT Retail Client B INV-001,,46475.00,81606.08,DEP,BTR-000001
099999123452,16/07/2025,WITHDRAWAL-OSKO PAYMENT Harbour Property Trust RENT-202507,8580.00,,35131.08,PAYMENT,BTP-000001
099999123452,11/07/2025,SUPER CLEARING HOUSE Riley Retail Casual PAY-20250711-EMP-RILEY-RETAIL-CASUAL,99.57,,43711.08,SUPER,SUPER-PAY-20250711-EMP-RILEY-RETAIL-CASUAL
099999123452,11/07/2025,SUPER CLEARING HOUSE Priya Retail Supervisor PAY-20250711-EMP-PRIYA-RETAIL-SUP,144.28,,43810.65,SUPER,SUPER-PAY-20250711-EMP-PRIYA-RETAIL-SUP
099999123452,11/07/2025,SUPER CLEARING HOUSE Marco Hospitality Casual PAY-20250711-EMP-MARCO-HOSP-CASUAL,31.02,,43954.93,SUPER,SUPER-PAY-20250711-EMP-MARCO-HOSP-CASUAL
099999123452,11/07/2025,SUPER CLEARING HOUSE Hana Cafe Part-time PAY-20250711-EMP-HANA-CAFE-PARTTIME,62.04,,43985.95,SUPER,SUPER-PAY-20250711-EMP-HANA-CAFE-PARTTIME
099999123452,11/07/2025,PAYROLL NET WAGE Riley Retail Casual PAY-20250711-EMP-RILEY-RETAIL-CASUAL,737.75,,44047.99,PAYROLL,PAYNET-PAY-20250711-EMP-RILEY-RETAIL-CASUAL
099999123452,11/07/2025,PAYROLL NET WAGE Priya Retail Supervisor PAY-20250711-EMP-PRIYA-RETAIL-SUP,994.32,,44785.74,PAYROLL,PAYNET-PAY-20250711-EMP-PRIYA-RETAIL-SUP
099999123452,11/07/2025,PAYROLL NET WAGE Marco Hospitality Casual PAY-20250711-EMP-MARCO-HOSP-CASUAL,258.48,,45780.06,PAYROLL,PAYNET-PAY-20250711-EMP-MARCO-HOSP-CASUAL
099999123452,11/07/2025,PAYROLL NET WAGE Hana Cafe Part-time PAY-20250711-EMP-HANA-CAFE-PARTTIME,491.00,,46038.54,PAYROLL,PAYNET-PAY-20250711-EMP-HANA-CAFE-PARTTIME
099999123452,11/07/2025,PAYG WITHHOLDING REMITTANCE ATO Riley Retail Casual PAY-20250711-EMP-RILEY-RETAIL-CASUAL,92.00,,46529.54,PAYROLL_TAX,PAYG-PAY-20250711-EMP-RILEY-RETAIL-CASUAL
099999123452,11/07/2025,PAYG WITHHOLDING REMITTANCE ATO Priya Retail Supervisor PAY-20250711-EMP-PRIYA-RETAIL-SUP,208.00,,46621.54,PAYROLL_TAX,PAYG-PAY-20250711-EMP-PRIYA-RETAIL-SUP
099999123452,11/07/2025,PAYG WITHHOLDING REMITTANCE ATO Hana Cafe Part-time PAY-20250711-EMP-HANA-CAFE-PARTTIME,26.00,,46829.54,PAYROLL_TAX,PAYG-PAY-20250711-EMP-HANA-CAFE-PARTTIME
099999123452,04/07/2025,SUPER CLEARING HOUSE Riley Retail Casual PAY-20250704-EMP-RILEY-RETAIL-CASUAL,99.57,,46855.54,SUPER,SUPER-PAY-20250704-EMP-RILEY-RETAIL-CASUAL
099999123452,04/07/2025,SUPER CLEARING HOUSE Priya Retail Supervisor PAY-20250704-EMP-PRIYA-RETAIL-SUP,144.28,,46955.11,SUPER,SUPER-PAY-20250704-EMP-PRIYA-RETAIL-SUP
099999123452,04/07/2025,SUPER CLEARING HOUSE Marco Hospitality Casual PAY-20250704-EMP-MARCO-HOSP-CASUAL,31.02,,47099.39,SUPER,SUPER-PAY-20250704-EMP-MARCO-HOSP-CASUAL
099999123452,04/07/2025,SUPER CLEARING HOUSE Hana Cafe Part-time PAY-20250704-EMP-HANA-CAFE-PARTTIME,62.04,,47130.41,SUPER,SUPER-PAY-20250704-EMP-HANA-CAFE-PARTTIME
099999123452,04/07/2025,PAYROLL NET WAGE Riley Retail Casual PAY-20250704-EMP-RILEY-RETAIL-CASUAL,737.75,,47192.45,PAYROLL,PAYNET-PAY-20250704-EMP-RILEY-RETAIL-CASUAL
099999123452,04/07/2025,PAYROLL NET WAGE Priya Retail Supervisor PAY-20250704-EMP-PRIYA-RETAIL-SUP,994.32,,47930.20,PAYROLL,PAYNET-PAY-20250704-EMP-PRIYA-RETAIL-SUP
099999123452,04/07/2025,PAYROLL NET WAGE Marco Hospitality Casual PAY-20250704-EMP-MARCO-HOSP-CASUAL,258.48,,48924.52,PAYROLL,PAYNET-PAY-20250704-EMP-MARCO-HOSP-CASUAL
099999123452,04/07/2025,PAYROLL NET WAGE Hana Cafe Part-time PAY-20250704-EMP-HANA-CAFE-PARTTIME,491.00,,49183.00,PAYROLL,PAYNET-PAY-20250704-EMP-HANA-CAFE-PARTTIME
099999123452,04/07/2025,PAYG WITHHOLDING REMITTANCE ATO Riley Retail Casual PAY-20250704-EMP-RILEY-RETAIL-CASUAL,92.00,,49674.00,PAYROLL_TAX,PAYG-PAY-20250704-EMP-RILEY-RETAIL-CASUAL
099999123452,04/07/2025,PAYG WITHHOLDING REMITTANCE ATO Priya Retail Supervisor PAY-20250704-EMP-PRIYA-RETAIL-SUP,208.00,,49766.00,PAYROLL_TAX,PAYG-PAY-20250704-EMP-PRIYA-RETAIL-SUP
099999123452,04/07/2025,PAYG WITHHOLDING REMITTANCE ATO Hana Cafe Part-time PAY-20250704-EMP-HANA-CAFE-PARTTIME,26.00,,49974.00,PAYROLL_TAX,PAYG-PAY-20250704-EMP-HANA-CAFE-PARTTIME
